2334 3814
172 268 209 325 36
279 267 454 328 HAVTON
471 267 785 329 TIMORVMENOS.
841 269 1053 328 1V131-48.
1163 295 1164 300 ¹

209 396 318 455 Melius
330 400 421 475 peius,
433 359 526 476 prosil
539 399 625 471 obsit,
636 399 680 456 nil
690 399 795 458 uident
807 399 867 464 nisi
876 399 954 476 quod
964 399 1052 458 lubet.

68 521 71 525 ·
87 501 90 510 “
170 491 219 550 So.
241 491 288 549 Mi
301 493 448 570 Chremes,
462 495 589 571 peccaui,
603 495 714 556 fateor:
734 495 845 554 uincor.
867 515 946 554 nunc
958 496 1013 554 hoc
1026 505 1056 555 tc

288 591 415 665 obsecro,

120 705 157 752 64⁵
209 686 327 755 Quanto
339 693 406 746 tuos
420 693 464 746 est
477 688 592 746 animus
605 693 679 746 natu
692 687 817 765 giauior,
830 687 1034 764 ignoscentior,

208 780 256 838 Vt
264 801 345 839 meae
357 783 503 841 stultitiae
515 783 548 839 in
560 783 677 840 iustitia
689 788 742 839 tua
751 783 790 840 sit
797 783 910 858 aliquid
919 783 1045 859 praesidi

169 875 224 933 On.
247 874 364 934 Scilicet
378 877 513 952 equidem
532 877 609 936 istuc
627 877 738 935 iactum
755 877 921 954 ignoscam:
940 896 1052 948 uerum,

287 970 427 1039 Sostrata,

207 1066 288 1125 Male
304 1067 390 1125 docet
406 1074 437 1126 te
456 1087 521 1126 mea
537 1066 664 1126 facilitas
682 1067 784 1125 multa
820 1066 871 1123 sed
883 1065 959 1124 istuc
972 1066 1053 1142 quid·

104 1227 106 1234 y
284 1162 357 1238 quid
371 1169 424 1235 est,

206 1257 339 1327 Qnahoc
347 1262 527 1333 occeptnmst
534 1276 628 1329 causa,
638 1256 763 1334 loquere.
785 1256 834 1314 So,
849 1256 895 1314 Vt
905 1257 1012 1314 stultae
1022 1263 1053 1314 et

284 1354 405 1412 mmerae
419 1373 519 1432 omnes
533 1373 633 1412 sumus

117 1472 155 1520 ⁶⁵0
206 1449 379 1527 Religiosae,
406 1470 495 1527 quom
522 1449 724 1527 exponendam
750 1449 789 1508 do
815 1449 869 1521 illi,
897 1450 933 1508 de
960 1450 1051 1528 digito

283 1547 407 1604 anulum

205 1644 337 1702 Detmho
358 1649 389 1702 et
407 1663 475 1702 eum
494 1643 558 1702 dico
571 1647 607 1701 ut
619 1662 680 1701 una
693 1662 759 1700 cum
772 1643 871 1719 puella
884 1653 1050 1719 exponeret,

205 1740 239 1797 Si
250 1746 421 1813 moreretur,
436 1759 473 1798 ne
487 1758 593 1816 expers
605 1739 698 1816 partis
707 1744 783 1797 esset
791 1739 827 1797 de
836 1741 945 1797 nostris
957 1740 1048 1797 bonis.

165 1837 221 1895 On.
242 1837 432 1896 Istucrecte:
452 1836 633 1896 conseruasti
645 1841 676 1894 te
686 1842 774 1913 atque
785 1835 874 1894 illam
897 1835 946 1895 So.
962 1835 1050 1893 ishie

283 1939 329 1991 est
341 1933 454 1992 anulus

166 2027 221 2088 On.
242 2028 332 2088 Vnde
344 2029 452 2088 habesl
482 2027 529 2089 So,
563 2027 660 2098 Quam
673 2027 796 2088 Bacchis
815 2043 913 2086 secam
926 2027 1050 2086 adduxit

284 2126 539 2199 adulescentulam,
561 2125 610 2184 SY.
632 2125 720 2182 Hem.

114 2247 153 2294 ⁶⁵⁵
205 2221 285 2290 Quid
299 2221 353 2280 illa
368 2224 490 2280 narrati
523 2221 571 2280 So.
594 2239 628 2280 ea
644 2221 777 2278 lanatum
798 2220 869 2278 dum
886 2221 920 2293 it,
935 2239 1049 2278 seruen-
1161 2253 1162 2256 =

284 2317 355 2374 dum
367 2316 443 2375 mihi
455 2316 543 2392 dedit.

202 2413 348 2472 Animum
361 2433 418 2472 non
429 2414 546 2472 aduorti
555 2414 697 2491 primum:
715 2414 766 2472 sed
775 2419 929 2490 postquam
939 2412 1047 2488 aspexi,

282 2511 348 2568 ilico

88 2644 91 2650 ,
203 2607 343 2683 Cognoui,
358 2606 395 2663 ad
408 2613 439 2665 te
452 2605 553 2665 exilui.
576 2605 632 2666 On.
656 2605 733 2675 Quid
746 2624 825 2663 nuno
838 2605 983 2681 suspicare
997 2609 1049 2661 aut

281 2702 398 2760 inuenis
418 2717 419 2720 ’

204 2799 250 2857 De
262 2799 331 2856 illel
351 2797 398 2857 Sc.
421 2796 537 2869 Nescio,
557 2796 616 2854 nisi
633 2801 667 2853 ut
685 2815 721 2853 cx
740 2796 803 2871 ipsa
821 2813 952 2870 quaeras,
969 2794 1048 2850 unde

281 2893 362 2950 hunc
374 2893 518 2964 habuerit,

205 2991 239 3050 si
257 2993 334 3067 potis
352 2997 397 3049 est
416 2987 544 3066 reperiri.
576 2986 625 3048 Si.
647 2986 771 3044 Interii:
787 2985 857 3061 plus
877 2985 941 3061 spei
962 2983 1048 3041 uideo

283 3105 371 3162 quam
383 3084 459 3144 uolo.
523 3074 526 3082 ’

116 3200 154 3266 aso
205 3181 350 3253 Nostrast,
364 3181 391 3239 si
403 3180 481 3238 itast
505 3179 560 3239 GH.
573 3176 700 3236 Vinitne
707 3177 767 3248 illa,
780 3176 851 3253 quoi
863 3181 899 3233 tu
912 3174 1049 3232 dederaal

284 3275 331 3333 So,
354 3274 467 3332 Nescio.
