2334 3814
124 292 186 350 va
205 293 327 351 ra-aa
369 291 541 352 cruror
565 289 873 352 rmoaruruos.
970 261 1007 348 sa
1069 249 1071 255 ’

163 420 226 478 Vbi
243 421 313 496 quoi
333 419 430 478 decuit
448 421 550 496 primo,
572 420 627 477 tibi
648 439 707 477 non
727 419 813 477 licuit
826 439 878 496 per
892 425 921 476 te
935 420 1009 478 milri
1020 419 1056 478 '965

243 515 320 597 (lare,
973 531 974 534 ’

165 609 238 667 Abii
257 599 294 666 ad
314 629 479 686 proxumos,
501 611 556 667 tibi
577 611 628 686 qui
652 617 749 667 erant:
772 611 812 668 eis
830 611 960 668 commisi
980 616 1010 668 et

245 707 365 778 credidi,'

81 805 85 810 ’
163 802 211 858 Ibi
225 809 293 860 tuae
307 803 450 860 stultitiae
464 823 578 880 semper
595 803 652 860 erit
665 802 851 878 praesidium,
867 803 1008 878 Clitipho,

163 897 278 969 Victus,
293 899 426 971 uestitus,
442 900 546 976 quoin
559 905 671 956 tectum
686 906 716 956 te
730 906 868 974 receptes.
900 899 948 956 Oi.
973 901 1009 954 Ei

243 995 324 1053 mihi.

126 1089 179 1148 011.
203 1091 302 1148 Satius
315 1099 359 1150 est
371 1112 458 1168 quam
471 1099 502 1151 te
516 1095 579 1170 ipso
592 1095 697 1152 herede
708 1095 778 1152 haec
786 1097 930 1171 possidere
941 1097 1010 1154 Bae-

243 1183 366 1244 chidem.

125 1283 173 1342 Sr.
197 1281 336 1360 Disperii:
346 1284 487 1342 scelestus
498 1292 622 1360 quantas
632 1287 733 1342 turbas
744 1287 855 1343 coneiui
867 1287 1006 1343 insciens!
1022 1309 1059 1346 970

125 1382 174 1440 CL.
205 1383 307 1440 Emori
327 1382 418 1457 cupi0.
459 1382 515 1439 On.
539 1382 625 1439 Prius
646 1402 751 1458 quaeso
770 1383 856 1453 disce,
876 1382 946 1458 quid
971 1384 1009 1436 sit
1138 1365 1141 1372 .

243 1480 351 1537 uiuere.

165 1574 226 1640 Vbi
238 1575 317 1646 scies,
333 1575 536 1650 sidisplicebit
550 1576 620 1646 uita,
637 1581 700 1632 tum
714 1576 786 1632 istoc
800 1575 899 1631 utitor.

125 1671 173 1728 Su,
210 1671 276 1743 Ere,
298 1670 418 1727 licetnel
453 1670 508 1727 CH.
533 1671 672 1746 Loquere.
709 1671 757 1728 ΒΥ.
782 1670 827 1726 At
844 1666 917 1726 tute.
952 1670 1006 1726 On.

244 1766 383 1841 Loquere.
420 1765 468 1822 ΒΥ.
493 1765 574 1834 Quae
587 1767 673 1822 istest
686 1766 817 1841 prauitas

165 1859 282 1928 Quaene
293 1861 456 1931 amentiast,
472 1861 548 1935 quod
563 1861 680 1935 peccaui
694 1879 754 1935 ego,
769 1860 800 1916 id
814 1862 911 1918 obesse
926 1862 1008 1919 huicl

244 1957 299 2014 On.
322 1957 415 2016 Ilicet.
964 1963 966 1970 ’

164 2053 212 2111 Ne
225 2059 255 2111 te
268 2055 406 2112 admisce:
421 2073 511 2111 nemo,
520 2061 643 2126 accusat,
657 2055 737 2130 Syre,
755 2060 796 2112 te:
815 2073 867 2112 nee
881 2061 914 2111 tu
928 2075 1006 2112 aram
1020 2083 1056 2122 975

219 2147 299 2205 'tibi
627 2191 630 2195 .
722 2193 724 2197 .

163 2243 226 2301 Nec
247 2250 425 2320 precatorem
444 2244 561 2319 pararis.
598 2242 647 2302 SY.
675 2244 753 2328 Quiri
767 2245 842 2322 agisl
876 2245 929 2304 Cu.
954 2246 1006 2304 Nil

241 2357 396 2397 suscenses
456 2365 469 2421 .'

163 2433 226 2491 Nec
247 2434 304 2492 tibi
323 2454 376 2493 nec
397 2436 465 2492 tibi:
486 2455 611 2494 nocuos
631 2443 676 2494 est
696 2455 819 2513 aequom
837 2439 914 2513 quod
935 2439 1007 2496 facio

240 2530 320 2588 mihi.

124 2625 172 2682 ΒΥ.
201 2625 302 2683 Abiitl
322 2627 388 2698 uah,
403 2647 518 2703 rogasse
531 2628 645 2688 uellem,
669 2628 718 2686 On.
742 2629 836 2698 Quidl
857 2629 904 2686 Su.
929 2631 1007 2686 unde

180 2763 184 2772 .
240 2725 368 2794 peterem
381 2721 454 2777 mihi
468 2722 582 2779 cibum:

69 2839 76 2860 .
161 2816 283 2874 Itanos
303 2817 450 2878 alienauit.
486 2819 542 2875 tibi
563 2818 622 2874 iam
644 2837 704 2876 esse
725 2818 762 2875 ad
779 2804 908 2876 sororem*
924 2819 969 2875 int
987 2819 1007 2874 l-

239 2913 310 2990 lego.

123 3009 171 3067 Ut.
193 3008 300 3070 Adeon
309 3028 371 3067 rem
384 3008 509 3082 rediisse,
522 3015 557 3068 ut
566 3011 708 3087 periclum
722 3010 810 3068 etiam
818 3029 836 3068 a
845 3010 922 3068 fame
932 3010 1003 3089 mihi
1016 3021 1054 3070 920

129 3085 132 3092 ¹
239 3103 285 3176 sit,
302 3103 388 3179 Syre!

122 3197 169 3255 ἓν.
192 3197 281 3256 Modo
294 3198 381 3256 liceat
394 3199 503 3272 uiuere,
519 3205 562 3258 est
575 3218 647 3276 spes.
681 3197 729 3256 Cu.
753 3197 852 3267 Quae?
880 3197 928 3256 Sr.
951 3219 1004 3255 nos

238 3294 398 3366 esurituros
411 3294 491 3352 satis.

198 3405 221 3447 s
231 3405 255 3446 r.
902 3387 918 3442 6
