2334 3814
112 272 337 330 11104-22.
386 271 562 355 ΗΑῨΤΟᾘ
580 271 891 332 TIMORVMENOS.
981 274 998 328 9

150 401 214 458 Nec
226 401 283 458 tibi
296 401 374 459 illest
387 401 502 460 credere
515 421 602 459 ausus
616 421 690 478 quae
703 407 748 459 est
757 421 879 477 aequom
892 403 976 478 patri.

151 496 236 565 Quod
250 497 275 554 ei
288 503 364 554 essct
376 498 494 572 factum,
504 498 574 555 haec
584 517 745 573 numquam
758 497 924 556 euenissent
933 497 996 555 tibi.

111 593 173 653 Mn.
206 594 255 651 lta
268 612 315 650 res
330 599 382 666 est,
397 593 504 653 fatcor:
523 600 675 670 peccatum
687 614 705 651 a
718 613 765 650 me
778 599 950 650 maxumast.

111 689 166 746 On.
200 682 380 760 Menedeme,
394 694 426 745 at
439 707 524 764 porro
537 695 615 746 recte
628 707 711 765 spero
724 695 755 747 et
767 689 852 746 illum
865 690 921 746 tibi

152 785 270 842 Salucm
290 785 462 844 adfuturum
476 803 537 842 esse
550 784 599 855 hic
612 785 725 842 confido
738 786 914 862 propediem.
1015 811 1051 848 ‚⁶0

110 883 172 940 Mn
208 881 334 940 Vtinam
357 884 401 939 ita
424 882 455 940 di
478 883 581 942 faxint.
625 882 683 942 On.
717 883 845 940 Facient.
875 883 1001 940 nuncsi

229 978 448 1048 commodumst,

150 1073 294 1148 Dionysia
307 1074 355 1130 hic
369 1078 440 1130 eunt
452 1073 552 1134 hodiez
572 1074 651 1149 apud
664 1093 710 1130 me
724 1073 763 1131 sis
776 1066 851 1133 uclc.

111 1171 172 1230 Mn
208 1171 279 1228 Non
291 1190 416 1248 possum.
459 1170 514 1230 GH„
552 1172 633 1240 Quor
652 1172 727 1229 nont
761 1174 1000 1246 quacsbtandem

136 1253 138 1256 ¹
229 1267 445 1343 aliquantulum

149 1364 217 1421 Tibi
229 1384 329 1440 parce:
349 1364 428 1421 idem
441 1363 544 1420 absens
557 1363 652 1421 facere
665 1369 696 1421 te
709 1363 763 1422 hoc
776 1366 840 1422 uolt
853 1364 938 1423 filius.

45 1487 48 1494 »
111 1459 173 1516 Mn.
209 1460 279 1518 Non
293 1459 439 1530 conuenit,
456 1458 508 1533 qui
525 1458 611 1515 illum
627 1457 665 1514 ad
678 1457 807 1515 laborem
826 1459 897 1516 Hinc
913 1476 1049 1535 rapu-1⁶5

230 1557 324 1629 ierim,
636 1553 639 1560 ’

150 1651 240 1710 Nunc
253 1671 300 1709 me
313 1652 409 1727 ipsum
422 1650 529 1727 fugere.
574 1650 629 1708 Gn.
661 1651 787 1709 Sicinest
800 1651 961 1710 sententiat

110 1749 173 1806 Mn.
210 1749 265 1808 Sic.
312 1749 368 1806 On.
408 1748 489 1808 Bene
506 1747 578 1805 uale.
630 1747 693 1806 Mn.
727 1747 768 1806 Et
781 1754 824 1806 tu.
868 1747 923 1806 On.
947 1748 1000 1804 La-

229 1864 343 1904 crumae
357 1845 485 1902 excussit
498 1843 580 1914 mihi,
1030 1879 1031 1882 =

2 1989 3 2001 ,
53 1956 56 1964 “
150 1942 329 2016 Miseretque
343 1958 389 1996 mc
403 1938 480 1996 eius:
501 1937 552 1995 sed
565 1943 599 1994 ut
613 1937 671 1995 diei
684 1944 800 2013 tempus
813 1932 866 2009 est,

152 2039 274 2095 Monere
287 2040 402 2112 oportet
414 2054 461 2092 me
475 2035 553 2092 hunc
566 2035 700 2091 uicinum
714 2033 867 2107 Phaniam,

150 2134 202 2190 Ad
215 2151 317 2190 cenam
330 2138 365 2188 ut
378 2131 494 2188 ueniat:
515 2130 573 2202 ibo,
588 2129 683 2186 uisam
696 2130 722 2188 ui
735 2131 849 2188 domist
1013 2158 1050 2194 170
1081 2154 1085 2162 ,
1145 2155 1147 2162 ⁸

150 2230 205 2288 Nil
219 2247 291 2304 opus
303 2227 362 2285 fuit
374 2227 532 2286 monitore:
552 2226 612 2283 iam
626 2226 738 2284 dudum
751 2227 829 2284 domi

152 2327 272 2386 Praestc
286 2327 364 2403 apud
377 2345 423 2382 me
437 2343 498 2383 esse
511 2323 596 2380 aiunt
600 2344 610 2398 ;
623 2329 737 2403 egomet
746 2323 884 2381 conrnune
896 2342 997 2382 moror.

150 2425 206 2483 Ibo
219 2425 290 2482 adeo
303 2424 372 2482 hinc
384 2425 470 2483 intro.
500 2423 551 2480 sed
565 2423 636 2499 quid
649 2428 823 2499 crepuerunt
835 2422 911 2480 fores

153 2521 234 2579 Hinc
248 2541 266 2579 a
278 2521 341 2578 met
368 2520 434 2597 quis
452 2539 521 2578 nam
541 2519 705 2596 egredituri
729 2520 787 2578 huc
800 2537 970 2578 concessere.

373 2838 529 2896 Omrrrno.
573 2837 725 2895 Gnarum.

4 3009 5 3020 ¹
110 3007 160 3066 On.
190 3007 244 3064 Nil
257 3006 352 3063 adhuc
362 3012 407 3064 est
417 3007 496 3083 quod
506 3026 631 3080 uerene,
642 3005 751 3066 Clinia:
765 3005 998 3081 haudquaquam
1012 2990 1060 3096 112⁶}

4 3103 6 3108 “
229 3098 320 3157 etiam
333 3104 460 3159 cessant:
1013 3137 1048 3173 ηε
1069 3177 1070 3180 ¹

150 3195 191 3252 Et
203 3193 286 3252 illam
299 3194 386 3251 simul
400 3213 466 3251 cum
481 3194 585 3252 nuntio
599 3194 656 3251 tibi
669 3192 716 3250 hic
729 3193 895 3250 adfuturam
913 3193 999 3252 hodie

229 3309 294 3348 scre.
984 3324 986 3328 .
