2334 3814
117 301 147 358 v
163 301 176 359 1
195 300 318 358 13-30.
349 299 523 360 ustrou
547 297 859 359 mummulus.
959 301 996 360 49

116 427 172 487 ΟΕ.
194 427 346 485 Hahahaa.
368 427 431 484 ΜΕ.
448 427 527 496 Quid
544 426 654 486 risistil
676 427 732 487 ΟΕ.
749 426 834 484 Serui
846 446 953 486 uenere
965 428 998 484 in

233 531 361 582 mentem
376 523 442 598 Syri
612 513 614 517 ’

155 620 345 678 Calliditates.
367 617 429 675 ΜΕ.
451 617 557 676 Itaual
578 619 633 679 ΟΕ.
649 616 761 676 Voltus
775 637 890 696 quoque
907 619 997 677 homi

233 733 305 770 num
318 713 406 788 fingit
418 712 518 770 scelus.

29 844 32 848 ⁴
115 810 177 868 ΜΕ.
193 808 308 866 Gnatus
316 807 394 882 quod
402 826 432 865 se
442 807 600 864 adsimulat
608 807 727 880 laetum,
737 808 768 866 id
777 809 864 868 dioisl
878 809 933 868 OE
950 809 995 868 Id.

35 893 40 902 N
234 903 297 963 ΜΕ.
320 902 404 960 Idem
417 904 493 960 istuc
507 903 582 960 mihi

155 999 433 1057 vestimentem„
457 998 689 1058 caueamur.
710 998 773 1060 Ma.
788 983 998 1076 Magia'sima

233 1096 277 1172 gis
290 1095 377 1167 noris,
392 1100 478 1170 putes

157 1191 206 1248 Ita
228 1211 290 1248 rem
310 1209 378 1249 essa.
403 1190 459 1248 ΟΕ.
479 1190 543 1248 Ain
562 1192 611 1249 tul
631 1191 693 1251 ΜΕ.
713 1190 793 1260 Quin
805 1197 841 1250 tu
853 1193 995 1250 ausculta
1009 1210 1047 1261 ιφ

172 1351 177 1357 ,
237 1287 292 1345 ΟΕ.
315 1286 405 1343 Mane
419 1286 499 1357 dwm,
514 1286 569 1344 hoa
582 1287 663 1362 pn'us
676 1287 749 1346 scire
763 1293 878 1364 expeto,
1041 1285 1082 1296 “”’

156 1381 235 1451 Quid
248 1382 416 1458 perdideris,
440 1401 510 1438 nam
522 1383 575 1439 ubi
588 1382 759 1460 desponsam
771 1383 917 1441 nuntiasti
926 1384 996 1458 filio,

156 1477 305 1536 Continuo
317 1477 450 1534 iniecisse
463 1477 554 1535 uerba
567 1478 623 1536 tibi
636 1479 815 1537 Dromonem
829 1479 946 1552 scilicet,

156 1575 282 1652 Sponsae
295 1580 406 1631 uastam
419 1593 525 1631 aurum
539 1579 628 1650 atque
641 1575 763 1634 ancillas
776 1594 849 1652 opus
859 1594 938 1638 essa:
955 1595 998 1633 ar·

232 1675 353 1746 gentum
365 1675 401 1726 ut
414 1669 504 1729 dares.

116 1767 179 1828 ΜΕ
210 1768 289 1826 Νοιι.
319 1767 375 1828 ΟΕ.
397 1766 495 1836 Quidl
514 1767 593 1825 noui
620 1765 682 1826 ΜΕ.
704 1766 775 1824 Non
788 1767 916 1844 inquam.
939 1766 995 1824 On.

232 1863 338 1940 Neque
345 1865 407 1941 ipse
414 1864 537 1940 gnatust
556 1862 619 1921 ΜΕ.
634 1863 666 1920 N
667 1863 689 1919 il
697 1881 838 1938 prorsum,
848 1863 994 1922 Chremes.

154 1962 252 2040 Magis
274 1981 368 2021 unum
389 1962 479 2022 stiam
502 1961 619 2034 instare,
640 1966 676 2018 ut
695 1962 781 2019 hodia
804 1961 995 2020 conficiantur
1009 1984 1045 2034 89⁵

144 2119 147 2124 ,
232 2058 361 2135 nuptiae.
972 2127 976 2136 .

114 2156 170 2214 ΟΕ.
192 2154 272 2212 Mira
283 2174 393 2226 narras,
407 2156 479 2232 quid
494 2149 585 2230 Sy'rus
597 2145 698 2212 meust
710 2173 747 2212 us
757 2154 909 2232 isquidem
919 2146 996 2234 quit

231 2252 339 2326 quaml
360 2252 421 2309 ΜΕ
443 2252 537 2310 Nihil.

114 2346 170 2406 ΟΕ.
186 2347 282 2416 Quam
292 2347 400 2418 obrem,
411 2348 516 2406 neseio.
539 2347 601 2406 ΜΕ.
613 2347 758 2424 Equidem
768 2349 866 2421 miror,
878 2349 930 2425 qui
937 2349 996 2406 alia

230 2448 293 2500 tam
304 2443 391 2520 plana
404 2443 484 2501 scias.

153 2538 211 2596 Sed
224 2538 274 2595 illa
287 2543 370 2595 tuom
383 2558 498 2615 quoque
509 2538 599 2614 Syrus
612 2540 690 2598 idem
703 2540 776 2598 mira
790 2541 878 2598 finxit
891 2541 994 2608 filium,

152 2635 200 2694 Vt
220 2656 257 2694 ns
278 2635 430 2712 paululum
448 2635 568 2711 quidem
581 2634 697 2692 subolat
710 2653 771 2692 assa
785 2635 908 2693 amicam
921 2636 996 2692 hano

230 2730 353 2788 Cliniae.

111 2825 168 2884 On.
184 2824 263 2895 Quid
272 2826 331 2882 aisl
346 2824 408 2882 ΜΕ.
420 2823 513 2882 Mitto
524 2824 583 2880 iam
592 2823 811 2899 oseulariatque
822 2821 992 2900 amplexari:
1006 2844 1047 2883 900

229 2921 259 2978 id
272 2921 316 2977 nil
329 2925 408 2996 puto.
451 2911 463 2924 ’

110 3016 166 3077 ΟΕ.
189 3017 268 3087 Quid
282 3015 418 3092 estquod
428 3015 553 3092 amplius
563 3015 737 3074 simulaturi
758 3014 819 3073 ΜΕ
832 3013 911 3072 Vah.
933 3014 990 3074 (in.

228 3110 307 3180 Quid
321 3112 387 3169 est‘l
407 3111 470 3170 ΜΕ.
491 3110 576 3168 Audi
588 3111 682 3169 modo.

148 3208 204 3265 Est
217 3206 291 3264 mihi
304 3206 419 3264 ultimis
429 3208 566 3266 conclaue
574 3207 606 3264 in
614 3206 735 3266 aedibus
746 3206 892 3283 quoddam
899 3214 991 3266 retro:

148 3301 219 3360 Huc
232 3307 276 3360 ast
288 3301 368 3360 intro
381 3302 459 3360 latus
473 3302 573 3374 laetus,
588 3301 772 3360 uastimentis
786 3305 896 3359 stratus
909 3309 960 3360 ast
