2334 3814
176 275 194 331 4
256 235 470 336 rauracus
493 274 671 335 sarran
697 240 986 336 rrnorrnnnr.

215 401 355 463 Amicum
370 405 487 481 ingenio
500 406 617 480 fretum,
632 405 711 464 haud
724 412 830 466 natura
843 424 909 466 sua:

139 528 163 564 ας
215 499 384 558 Arbitrium
397 506 537 575 nostrum,
553 509 652 560 nostra
665 502 852 561 existumatio

55 583 57 587 ¹
215 596 344 661 Valebit.
378 617 437 674 qua
448 619 481 658 re
493 607 589 659 oratos
602 605 656 660 uos‘
669 602 763 660 omnis
775 601 852 669 uolo,

215 692 247 749 N
247 712 263 750 e
276 693 342 770 plus
354 693 487 772 iniquom
499 697 591 772 possit
604 716 692 772 quam
704 715 827 772 aequom
840 695 939 753 oratic.

215 792 314 849 Facite
327 794 412 869 aequi
426 793 504 854 sitis:
524 793 592 852 date
605 793 753 852 crescendi
765 794 886 870 copiam,

216 888 369 946 Nonarum
382 890 435 966 qui
447 891 597 966 spectandi
608 891 721 948 faciunt
733 889 854 965 copiam,

151 1004 164 1028 ο
216 983 285 1040 Sine
298 984 396 1043 uitiis:
417 1005 454 1043 ne
467 985 518 1042 ille
531 1005 584 1062 pro
597 1005 628 1044 se
641 987 751 1043 dictum
765 985 931 1043 existumet.

131 1066 139 1081 ’
168 1146 174 1158 ⁸
217 1078 279 1150 Qui·
288 1083 382 1159 nuper
393 1083 463 1142 fecit
475 1103 560 1141 seruc
574 1083 703 1144 currenti
715 1083 748 1140 in
760 1083 810 1140 uia

216 1179 338 1236 Decesse
350 1179 506 1256 populum:
526 1199 601 1256 quor
613 1171 716 1237 insano
729 1181 855 1237 seruiat?

216 1276 261 1333 De
275 1274 355 1334 illius
367 1277 491 1352 peccatis
504 1277 589 1352 plura
602 1275 687 1348 dicet,
702 1295 789 1352 quom
803 1275 886 1333 dabit
942 1308 944 1313 ·

216 1370 302 1428 Alias
315 1391 414 1443 nouas,
425 1372 482 1429 uisi
495 1373 584 1430 finem
597 1371 758 1430 maledictis
771 1371 849 1430 facit.

217 1466 328 1523 Adeste
340 1485 432 1542 aequo
445 1467 555 1526 animo:
576 1467 643 1524 date
656 1471 828 1542 potestatem
842 1466 915 1522 mihi

216 1560 373 1618 Statariam
386 1579 470 1636 agere
483 1566 519 1618 ut
531 1561 618 1618 liceat
630 1579 683 1636 per
695 1560 844 1619 silentium
849 1582 859 1634 ‚·

216 1655 264 1713 Ne
277 1675 389 1732 semper
402 1675 498 1716 seruos
512 1676 638 1729 currens,
653 1658 746 1715 iratus
758 1677 856 1730 senex,

217 1751 302 1808 Edax
314 1753 466 1827 parasitus,
480 1753 658 1830 sycophanta
671 1759 769 1811 autem
782 1743 944 1830 inpudens,¹

136 1917 138 1922 Ι
215 1849 335 1906 Auarus
348 1849 422 1923 leno,
436 1850 554 1908 adsidue
567 1850 672 1926 agendi
685 1849 745 1908 sint
758 1850 832 1925 ¹mihi

152 1961 164 1988 0
216 1942 348 2001 Clamore
361 1963 481 2018 summo,
496 1965 563 2002 cum
576 1945 673 2004 labore
686 1959 831 2005 maxumo.
861 1965 907 2018 ps

216 2039 286 2096 Mea
312 2059 398 2098 causa
418 2060 534 2098 causam
557 2041 632 2100 hanc
651 2043 762 2100 'iustam
786 2060 846 2100 esse
869 2042 1000 2100 animum
1021 2044 1065 2099 iu·
1161 2091 1162 2102 ,

294 2132 398 2206 ducite,

216 2231 261 2288 Vt
279 2231 377 2307 aliqua
389 2252 456 2309 pars
470 2233 577 2292 laboris
590 2233 742 2291 minuatur
753 2232 834 2291 mihi.

216 2327 295 2385 Nam
308 2347 387 2386 nunc
399 2347 491 2387 nouas
504 2330 556 2407 qui
568 2331 708 2404 scribunt,
722 2330 766 2387 nil
783 2336 908 2406 pareunt
920 2333 997 2410 seni:
1068 2377 1071 2384 .

216 2424 322 2500 Siquae
334 2424 512 2499 laboriosast,
526 2426 564 2482 ad
576 2445 623 2484 me
636 2426 778 2484 curritur:

217 2520 249 2578 Si
262 2520 336 2578 lenis
349 2527 401 2593 est,
416 2521 454 2578 ad
467 2521 558 2579 aliurn
571 2521 700 2579 defertur
713 2540 836 2598 gregem.

216 2617 255 2673 In
267 2615 322 2672 hac
335 2622 379 2673 est
391 2635 466 2692 pura
479 2619 578 2675 oratic.
606 2617 787 2694 experimini,

216 2713 254 2769 In
267 2718 422 2788 utramque
435 2719 548 2788 partem
561 2713 710 2789 ingenium
724 2714 795 2790 quid
808 2713 899 2788 possit
913 2733 1016 2771 meum.

216 2807 249 2865 Si
261 2826 421 2885 numquam
434 2828 522 2866 auare
535 2809 663 2894 pretium
676 2810 768 2866 statui
780 2808 839 2865 arti
852 2827 932 2866 meae

216 2904 257 2961 Et
270 2923 337 2961 eum
347 2923 408 2963 esse
418 2911 571 2980 quaestum
581 2906 614 2962 in
623 2905 753 2962 animum
763 2904 869 2960 induxi
881 2923 1058 2962 maxumum.
1107 2909 1110 2914 ’
1160 2901 1162 2956 ἰ

151 3021 164 3045 0
218 2999 313 3070 Quam
332 3021 469 3060 maxume
486 3003 595 3059 seruire
610 3000 719 3058 uostris
736 2999 908 3058 commodis:

217 3098 393 3174 Exemplum
407 3099 529 3156 statuite
542 3098 575 3154 in
588 3117 642 3168 me,
656 3103 691 3154 ut
703 3097 914 3155 adulescentuli

217 3195 310 3254 Vobis
323 3195 434 3272 plaeere
450 3196 586 3254 studeant
599 3193 696 3272 potius
709 3213 798 3271 quam
811 3195 874 3254 sibi.
