2334 3814
482 123 501 196 s

123 371 126 380 ,
176 293 213 352 26
268 287 446 374 ΗΜΘΝ,
465 287 775 347 TIMORVMENOS.
828 289 1058 352 mite-te.

214 419 294 476 Nem
307 421 343 475 ut
356 416 415 474 elie
428 417 571 488 omittam,
586 414 742 491 pytieendc
755 415 842 474 medo
855 415 930 474 mihi

214 513 293 584 Quid
305 512 371 570 uini
383 511 650 588 absumpsit-‘eie
662 511 735 584 hcc‚‘
750 512 849 570 dicens
861 535 867 572 :
887 519 1043 590 ‘ceperum

213 611 311 683 Peter,
326 609 384 666 hcc
394 615 456 667 eet:
474 608 555 665 eliud
568 608 664 666 lcniue
677 607 759 666 eodee
771 608 870 669 uide':

150 733 162 760 0
214 706 324 765 Releui
336 705 414 763 dolie
427 705 533 777 omnia,
547 707 643 762 omnis
656 706 763 764 seriae:

214 801 317 859 Omnis
330 800 470 859 sollicites
482 800 605 859 hebuit:
622 805 710 877 etque
723 800 795 860 haec
808 821 869 860 une
880 821 951 862 nox.

214 896 293 967 Quid
305 903 337 956 te
349 897 484 954 futurum
496 915 602 970 cemes,
617 915 705 973 quem
718 896 839 955 adsidue
852 898 977 956 exedent
987 901 1000 956 t

213 992 261 1051 Sic
273 1013 321 1051 me
337 992 369 1050 di
383 993 534 1064 amabunt,
547 998 584 1050 ut
595 1011 642 1052 me
656 997 774 1051 tucrum
787 987 987 1065 miseritumet,

212 1091 394 1165 Menedcmc,
408 1091 600 1148 fortimcnrm
642 1089 703 1148 Mn
726 1089 829 1148 Faciet
842 1090 1016 1166 quidlubet:

124 1199 160 1246 4⁶⁵
214 1188 317 1247 Sumet
330 1187 605 1264 consumet-perdet,
620 1187 798 1246 decretumet
810 1187 881 1263 peti,

213 1286 295 1344 Dum
307 1286 393 1343 iilum
405 1284 492 1343 mode
505 1283 628 1342 habeam
640 1303 764 1344 mecum.
795 1283 852 1344 (im
875 1285 908 1344 si
920 1291 1061 1348 certumst
1109 1311 1111 1314 ·

291 1382 348 1439 tibi

212 1479 261 1536 Sic
273 1479 374 1549 fecere,
384 1479 460 1538 illud
473 1478 625 1558 permagni
637 1497 670 1536 re
682 1478 758 1538 ferre
771 1479 905 1554 arbitror,

211 1577 258 1633 Vt
270 1595 308 1634 ne
321 1577 460 1634 scientem
473 1577 583 1635 sentiet
595 1583 626 1635 te
639 1577 671 1634 id
684 1578 741 1636 eibi
754 1578 832 1637 dere.

172 1673 234 1730 Mn.
258 1673 337 1742 Quid
359 1673 485 1732 feciemt
527 1673 583 1733 On.
608 1674 735 1744 Quiduie
754 1676 854 1752 petius
873 1695 963 1753 quem
982 1676 1061 1753 qued

291 1771 418 1846 cogitas:
637 1798 639 1806 ¹

123 1892 161 1928 4⁷0
212 1869 271 1926 Per
283 1869 374 1926 elium
388 1870 523 1945 quemuis
536 1874 571 1927 nt
584 1869 650 1928 dee:
672 1869 736 1926 faui
749 1875 780 1931 te
793 1869 873 1927 einen

210 1965 345 2024 Techinis
358 1986 411 2043 per
424 1967 590 2026 seruolum:
610 1967 666 2026 etei
679 1967 812 2025 subsensi
824 1967 856 2026 id
869 1985 992 2044 queque,

212 2062 284 2120 Illos
297 2063 340 2121 ibi
353 2083 422 2136 esee,
437 2064 469 2121 id
483 2083 569 2140 cgere
580 2064 661 2121 inter
673 2083 705 2122 ee
717 2063 885 2124 clanculum.

132 2151 137 2160 “
213 2156 304 2232 Syrus
317 2177 384 2216 cum
396 2158 448 2215 illo
462 2164 562 2216 uestro
575 2163 792 2230 ceneueurrent,
807 2157 963 2215 conferunt

213 2253 341 2312 Ocnsilie
354 2254 391 2311 ed
405 2254 617 2315 adulescentis:
637 2261 668 2312 et
681 2255 738 2312 tibi
750 2256 870 2331 perdere

121 2377 158 2416 475
211 2351 368 2409 Talentum
381 2352 436 2410 hoc
449 2358 535 2428 pecte
548 2353 641 2410 cetius
654 2357 699 2410 eet
713 2351 866 2427 quemillc
879 2351 998 2409 minam.

211 2443 283 2502 Non
295 2464 374 2503 nunc
387 2446 511 2521 pecunie
524 2447 631 2522 egitur,
642 2447 693 2504 eed
706 2445 782 2503 iilud
794 2447 954 2522 quomodo

211 2541 347 2600 Minumo
359 2542 467 2617 pericle
479 2541 511 2599 id
524 2543 628 2600 demus
639 2542 865 2602 adulescentulo.

211 2637 291 2694 Nem
303 2637 330 2695 ei
343 2637 431 2696 semel
444 2643 527 2694 tuom
540 2638 674 2696 animum
686 2639 737 2697 ille
750 2639 939 2711 intellexerit,

210 2732 298 2790 Prius
311 2732 496 2809 proditurum
509 2739 543 2791 te
550 2739 634 2792 tuem
646 2735 741 2792 uitem
754 2741 787 2792 et
798 2736 880 2811 prius

120 2856 158 2900 ⁴80
210 2829 369 2887 Pecuniam
382 2847 505 2901 omnem,
521 2847 609 2905 quern
622 2829 674 2887 ebe
687 2835 718 2887 te
731 2829 851 2887 amittae
865 2829 977 2886 filium:
995 2828 1056 2898 hui,

210 2925 358 2994 Quantam
371 2924 529 2982 fenestram
542 2926 580 2982 ed
593 2925 755 3001 nequitiem
768 2926 944 3002 patefeceris,
964 2943 982 2964 -·

210 3022 278 3080 Tibi
290 3028 390 3082 eutem
402 3042 488 3099 porte
501 3028 537 3080 ut
550 3042 610 3081 non
623 3023 662 3080 eit
674 3042 768 3081 eueue
779 3022 879 3080 uiuere
891 3024 898 3080 1

210 3119 290 3177 Nem
302 3121 461 3179 deteriores
474 3139 575 3178 omnes
589 3139 690 3180 sumne
703 3120 830 3178 licentia.

210 3213 309 3296 [Quod
321 3219 447 3295 quoique
460 3237 607 3295 quomque
619 3217 756 3275 inciderit
768 3218 802 3275 in
815 3223 953 3293 mentem,
967 3220 1056 3293 uolet,

119 3332 156 3380 48⁵
209 3311 314 3388 Neque
327 3312 359 3370 id
372 3314 491 3390 putabit
503 3333 662 3390 preucmne
674 3332 714 3370 en
726 3319 839 3372 rectum
852 3312 928 3395 siet]
