2334 3814
120 314 206 371 1112
222 312 347 370 24-50.
397 303 572 368 HAVTON
597 301 908 364 TIMORVMENOS.
967 303 1003 360 29

160 443 262 518 Atque
275 440 353 498 hunc
366 438 512 496 difficilem
524 435 655 493 inuitum
668 439 798 491 seruaret
810 451 915 490 senem
1019 453 1056 491 ⁵35

121 538 173 596 Su.
213 536 321 596 Garris.
362 535 419 593 On.
447 533 531 591 Haec
544 533 621 589 facta
634 530 671 588 ab
684 530 735 587 illo
748 528 907 605 oportebat,
923 526 1003 602 Syre.

121 633 171 690 Su.
213 631 279 690 Eho
287 649 394 708 quaeso
402 629 511 702 laudae,
523 629 575 704 qui
585 646 649 685 eros
658 625 781 684 felluntt
810 624 866 682 011.
895 623 1005 682 Inlocc
1124 680 1128 686 ,

160 727 223 803 Ego
236 746 306 784 uero
320 726 413 783 laudo.
446 724 495 783 Su.
517 725 610 781 Recte
623 742 700 780 sane.
732 722 798 780 Gn(
811 719 979 795 Quippiui?

159 822 336 898 Magnarum
353 838 437 896 saepe
450 820 480 877 id
494 819 656 876 remedium
668 816 935 892 aegritudinumst2·

164 919 211 978 Vel
223 918 284 975 iam
296 919 365 976 huic
379 918 532 975 mansisset
544 917 648 972 unicus
661 921 768 990 gnatus
781 913 867 971 domi.
1017 932 1055 969 ⁵40

121 1016 171 1073 Su.
213 1015 304 1072 Iocon
317 1035 356 1072 cn
370 1015 446 1072 serio
458 1013 508 1069 iile
521 1012 592 1068 hacc
606 1012 685 1068 dicct
697 1010 802 1083 nescio,

160 1111 229 1168 Nisi
241 1111 316 1168 mihi
329 1110 448 1186 quidem
461 1108 543 1166 addit
556 1108 696 1177 animum,
710 1124 770 1182 quo
782 1105 882 1163 lubeat
895 1103 994 1178 mugit

120 1208 176 1266 On.
206 1209 247 1265 Et
259 1227 337 1265 nunc
350 1206 422 1283 quid
431 1211 574 1282 expectat,
587 1204 674 1278 Syret
705 1222 742 1260 cn
753 1202 824 1260 dum
831 1201 900 1260 hinc
910 1201 1006 1258 denuc

158 1304 264 1376 Abeat,
278 1321 367 1380 quom
381 1303 504 1360 tolerare
517 1301 599 1358 illius
612 1306 747 1376 sumptus
761 1319 822 1357 non
834 1299 939 1376 quectt

92 1418 99 1422 ·
160 1397 268 1457 Nonne
281 1400 318 1457 ad
331 1418 430 1456 senem
442 1398 571 1474 aliquam
584 1396 722 1455 fabiicam
736 1396 836 1471 fingit?
871 1395 921 1453 Su.
943 1393 1006 1452 Stc
1017 1409 1056 1447 545

238 1495 316 1554 lidus
329 1501 381 1553 est

120 1592 176 1659 ou.
206 1593 252 1650 At
264 1599 296 1650 te
308 1593 442 1650 adiutare
456 1596 571 1666 oportet
584 1590 794 1648 adulescentuli

160 1691 260 1750 Causa„
288 1691 336 1750 Su.
367 1690 464 1748 Facile
477 1691 612 1766 equidem
625 1691 717 1748 fecere
730 1708 857 1766 possum,
870 1688 897 1746 si
908 1689 1004 1750 iubes:
1066 1725 1070 1742 ,

159 1787 278 1844 Etenim
290 1805 348 1862 quo
361 1792 446 1862 pecto
458 1786 490 1842 id
502 1785 567 1844 fieri
580 1786 679 1858 soleat,
697 1785 796 1845 culleo.
889 1839 891 1843 ,

120 1883 175 1941 On.
205 1883 299 1940 Tanto
311 1883 408 1940 hercle
422 1883 530 1940 melior.
554 1881 603 1940 Su.
628 1882 697 1939 Non
711 1888 756 1939 est
768 1880 889 1939 mentiri
897 1899 1002 1939 meum.

1 2025 8 2049 .,
120 1980 175 2038 On.
206 1979 348 2056 Faccrgc
376 1980 425 2038 Su.
442 1981 487 2037 At
497 1979 570 2036 heus
577 1985 620 2052 tu,
633 1978 721 2036 facito
734 1978 804 2036 dum
820 1978 921 2035 eedem
934 1977 1004 2036 heec
1018 1991 1056 2029 ⁵⁵0

237 2075 411 2147 memineris,

159 2171 262 2248 Siquid
275 2171 364 2228 huius
377 2171 471 2228 simile
484 2170 560 2228 forte
573 2171 730 2246 aliquando
744 2168 883 2242 euenerit,

158 2264 203 2321 Vt
217 2272 286 2322 sunt
299 2263 436 2334 humani,
450 2270 517 2322 tuos
528 2270 564 2322 ut
576 2265 665 2321 ficiat
678 2264 763 2322 filius,

119 2361 175 2418 On.
204 2359 273 2417 Non
283 2379 350 2417 usus
361 2359 468 2432 ueniet,
481 2379 572 2436 spero.
594 2360 645 2420 Su.
669 2360 759 2436 Spem
771 2359 867 2419 hercle
875 2379 927 2438 ego
935 2380 1004 2437 quc

237 2473 311 2530 que:

158 2549 263 2626 Neque
276 2568 310 2606 eo
323 2568 402 2607 nunc
415 2549 488 2623 dico,
502 2569 561 2626 quo
575 2551 731 2626 quicquam
744 2549 829 2609 illum
843 2551 995 2610 senserim:

158 2645 214 2703 Sed
228 2645 334 2722 siquid,
348 2646 456 2722 nequid
462 2668 471 2719 3
488 2666 563 2723 quae
576 2647 615 2704 sit
628 2647 692 2704 eius
704 2654 793 2719 aetas,
808 2646 903 2708 uides:
1016 2670 1054 2710 555

157 2742 198 2800 Et
210 2763 248 2801 ne
262 2763 314 2819 ego
327 2750 366 2816 te,
381 2745 489 2802 sinsus
503 2745 611 2815 ueniat,
626 2745 785 2820 magnifice,
801 2744 945 2817 Chremes,

156 2840 292 2898 Tractare
310 2842 423 2918 possim.
453 2841 508 2899 On.
539 2843 586 2900 De
599 2844 679 2914 istoc,
694 2861 783 2918 quom
795 2861 866 2900 usus
879 2842 1001 2914 uenerit,

156 2934 331 2993 Videbimus
344 2937 416 3012 quid
428 2955 501 3012 opus
515 2938 569 2995 sit:
587 2956 666 2994 nunc
682 2936 758 2994 istuc
774 2955 834 3013 age.

1 3067 3 3073 ,
117 3032 167 3090 Su.
199 3032 370 3109 Numquam
378 3033 1001 3112 commodiusumqucmerumeudiuiloqui,

156 3127 221 3186 Nec
234 3147 323 3205 quom
336 3129 412 3187 mele
424 3130 518 3188 facere
531 3131 676 3188 crederem
689 3129 732 3186 mi
744 3129 884 3205 inpunius
1018 3148 1055 3194 ⁵⁶0

156 3223 264 3282 Licere.
295 3224 361 3301 quis
379 3244 448 3282 nam
463 3225 578 3284 anobis
590 3225 737 3303 egreditur
749 3225 842 3284 forest
