2334 3814
7 50 61 128 s
89 33 92 44 .

146 207 190 285 ‘c
295 225 474 286 aduror
492 223 804 285 maceramus
862 225 910 283 11
928 225 1055 287 21-43.

206 353 291 424 Quod
304 353 337 411 in
350 374 436 430 opere
449 355 586 413 faciundo
599 373 703 431 operae
716 353 862 412 consumis
875 361 952 427 tuae,

206 451 238 508 Si
251 470 347 510 sumas
360 452 394 508 in
406 453 466 510 illis
479 453 656 524 exercendis,
670 453 737 530 plus
750 473 826 529 agas.

130 569 153 606 rs
167 545 227 603 Mu.
249 547 395 619 Chremes,
410 555 566 608 tantumne
579 551 617 607 ab
629 569 661 607 re
674 556 756 608 tuest
765 551 808 607 oti
821 549 886 623 tibi,

205 643 314 701 Aliena
326 651 361 702 ut
374 664 456 703 cures
470 666 504 704 ea
517 666 591 723 quae
604 646 648 703 nil
661 647 698 704 ad
711 652 742 704 te
755 645 906 704 attinent?

167 740 222 797 ΟΕ.
245 739 344 798 Homo
358 759 437 799 sum:
464 742 589 800 humani
602 742 646 800 nil
659 762 677 800 a
690 762 737 801 me
749 743 877 800 alienum
891 746 970 817 puto.

82 865 85 872 ·
207 836 266 894 Vel
279 856 327 894 me
341 857 458 895 monere
472 837 526 896 hoc
540 839 589 896 uel
601 838 766 915 percontari
778 843 864 915 puta:

206 933 368 1004 Rectumst‚
379 954 430 1010 ego
441 942 476 993 ut
488 936 593 993 faciam
600 955 609 1006 ;
622 955 682 992 non
697 941 747 1006 est,
757 941 788 992 te
801 941 836 993 ut
846 935 1014 992 deterream.

129 1047 153 1083 so
168 1029 227 1088 Mu
246 1029 325 1086 Mihi
338 1030 380 1087 sic
393 1037 439 1088 est
452 1051 539 1090 usus:
569 1032 626 1090 tibi
640 1038 676 1088 ut
689 1051 761 1107 opus
774 1031 886 1102 factost,
901 1030 971 1087 face.

167 1126 221 1185 Cu.
242 1127 295 1184 An
321 1127 512 1203 quoiquamst
542 1147 613 1186 usus
650 1126 771 1200 homini,
806 1146 837 1185 se
867 1132 903 1184 ut
934 1125 1057 1184 cruciet?

285 1225 346 1282 Mu.
369 1225 455 1283 Mihi.

167 1319 221 1378 Cu.
244 1318 349 1395 Siquid
361 1319 491 1391 laborist,
506 1321 630 1379 nollem:
651 1320 702 1378 sed
716 1319 788 1396 quid
800 1319 877 1377 istuc
890 1319 1005 1376 malist't

206 1416 327 1488 Quaem,
336 1416 407 1491 quid
415 1416 451 1473 de
459 1422 489 1474 te
500 1423 617 1474 tentum
625 1417 833 1475 commeruisti?
850 1416 911 1474 Mu
923 1416 1013 1472 Eheu.

168 1513 221 1570 011.
244 1513 292 1571 Ne
308 1514 448 1585 lacruma,
462 1517 552 1589 atque
569 1513 654 1587 istuc,
669 1511 813 1589 quidquid
830 1518 884 1585 est,
896 1512 939 1569 fac
957 1531 1004 1568 me
1021 1517 1057 1568 ut

285 1606 390 1664 sciam:

130 1730 154 1776 ες
206 1704 254 1762 Ns
266 1704 364 1774 retice,
377 1723 415 1761 ne
429 1721 537 1772 uerere,
551 1703 633 1760 crede
646 1702 767 1779 inquam
781 1702 871 1762 mihi:

205 1800 272 1858 Aut
284 1801 456 1858 consolando
470 1806 522 1857 aut
535 1800 655 1856 consilio
668 1806 761 1857 autre
775 1799 885 1858 iuuere.

167 1895 228 1954 Ma.
247 1895 326 1954 Scire
339 1896 393 1953 hoc
409 1895 474 1953 uis?
509 1894 564 1953 On.
587 1894 655 1952 Hac
673 1893 792 1971 quidem
811 1913 905 1966 causa,
918 1914 976 1970 qua
994 1894 1064 1958 dixis

285 1994 341 2051 tibi

167 2089 227 2148 Mu
246 2090 377 2148 Dicetur.
420 2090 475 2149 On.
497 2091 543 2148 At
555 2092 627 2149 istos
640 2098 750 2149 rastros
762 2091 877 2150 interea
889 2097 989 2150 tamen

205 2188 340 2264 Adpone,
355 2207 393 2244 ne
406 2188 512 2246 labora.
554 2188 616 2245 Mu
628 2187 772 2245 Minume.
814 2187 871 2245 ΟΕ.
887 2187 982 2256 Quum
995 2205 1057 2244 rem

286 2283 367 2360 agist
632 2271 635 2279 ¹

131 2414 155 2451 90
168 2381 228 2439 Mu
247 2379 316 2438 Sine
328 2399 383 2449 me,
397 2379 531 2436 ucciucm
545 2384 662 2454 tempus
674 2378 790 2454 nequod
803 2378 868 2436 dem
882 2377 956 2441 mihi

206 2475 336 2534 Laboris.
389 2473 444 2532 ΟΠ.
459 2473 529 2530 Non
543 2474 644 2546 sinam,
659 2473 787 2550 inquam
845 2473 907 2531 Mu.
923 2471 984 2544 Ah,
998 2490 1058 2529 nen

284 2589 407 2647 aequom
419 2570 497 2628 facis.

168 2667 224 2725 On.
246 2666 320 2738 Hui,
332 2673 394 2722 tam
408 2665 506 2741 grauis
519 2663 580 2736 hos,
595 2665 723 2741 quaesot
751 2664 814 2722 Mu.
830 2663 878 2722 Sic
891 2663 1058 2720 meritumst

286 2778 393 2817 meum.

168 2858 224 2916 ΟΠ.
246 2857 471 2934 Nunclcquere.
489 2857 551 2916 Mu.
562 2857 671 2915 Filium
679 2857 798 2916 unicum
808 2854 1057 2914 adulescentulum

208 2957 320 3014 Habeo.
347 2956 394 3028 ah,
413 2956 484 3031 quid
502 2956 581 3014 dixit
615 2956 722 3014 habere
745 2957 809 3014 met
844 2953 934 3011 immo
957 2953 1055 3024 habui,
1159 2967 1160 2970 ’

288 3052 440 3111 Chremes:

132 3178 156 3218 9⁵
208 3149 297 3208 Nunc
317 3149 439 3208 habeam
459 3167 550 3208 necne
569 3149 752 3208 incertumst.
827 3147 884 3205 On.
916 3144 994 3215 Quid
1014 3145 1057 3200 ita

288 3246 383 3304 istuct
432 3246 493 3304 Ma.
516 3245 602 3303 Scies.
