2334 3814
175 226 212 284 20
256 227 313 285 HA
322 227 430 288 VPON
453 229 763 290 TIMORVMENOS.
805 211 1053 289 1‘13100-122.

105 357 108 362 ’
215 355 294 424 Quid
312 356 407 416 dixtit
437 357 485 418 ΒΥ.
511 358 694 436 Ademptum
711 359 767 417 tibi
786 359 846 417 iam
858 360 927 418 faxo
941 379 1054 418 omnem

293 455 412 522 metum,

213 541 253 600 In
265 563 366 603 aurem
378 548 522 605 utramuis
536 549 627 605 otiose
640 553 675 606 ut
688 548 823 606 dormias.

175 641 254 704 Onu.
277 642 356 713 Quid
368 665 422 721 ago
435 648 533 705 nunc?
554 646 638 706 Cam.
665 646 768 704 Tunet
782 645 860 723 quod
872 645 942 704 boni
975 645 1054 704 Cam.
1079 661 1082 668 ·

293 738 373 814 Syre,
389 741 435 798 dic
448 741 533 798 modo

213 834 335 896 Verum
371 836 420 897 ΒΥ.
443 837 511 914 Age
524 839 627 896 modo:
647 837 733 896 hodie
746 856 810 896 sero
827 857 861 896 ac
879 838 1054 915 nequiquam
1155 901 1157 904 ,

301 934 389 994 uoles.

125 1055 161 1094 3⁴⁵
175 1030 395 1103 Cain—datur,
410 1031 506 1089 fruare
520 1032 590 1088 dum
604 1031 691 1093 licet:
711 1050 780 1088 nam
794 1031 904 1090 nescias

175 1128 254 1187 Onia.
278 1126 350 1204 Syre
363 1128 491 1203 inquam.
514 1128 563 1187 ΒΥ.
579 1127 672 1202 Perge
683 1146 776 1210 parre,
788 1133 888 1184 tamen
897 1127 973 1184 istuc
983 1146 1043 1203 ago.

111 1273 115 1286 .
174 1226 363 1286 Oara.-eius
377 1225 416 1282 sit
428 1231 557 1301 potestas
570 1225 691 1300 posthac
704 1244 742 1282 an
756 1243 917 1299 numquam
929 1224 993 1283 tibi.
1114 1251 1118 1261 ·

174 1319 254 1380 Onu.
276 1319 390 1377 Verum
400 1319 494 1376 hercle
502 1318 578 1376 istuc
588 1324 639 1376 est
669 1318 750 1394 Syre,
762 1317 972 1394 Syicinquam,
984 1316 1055 1375 heus

292 1415 372 1488 heus,
388 1415 466 1490 Syre.

165 1514 224 1573 ΒΥ.
255 1512 416 1571 Concaluit.
461 1509 533 1588 quid
558 1510 620 1568 uisi
664 1510 744 1569 Ome.
778 1511 863 1584 Redi,
891 1511 960 1570 rodi.
1004 1511 1052 1569 ΒΥ.

331 1607 466 1664 Adsum:
488 1607 534 1663 dic
547 1607 619 1682 quid
633 1609 693 1664 eati

123 1738 161 1775 350
212 1704 278 1763 Iam
291 1703 345 1761 hoc
359 1723 473 1781 quoque
483 1705 602 1781 negabis
614 1704 670 1761 tibi
683 1703 801 1780 placere.
845 1703 925 1764 Cirr.
948 1704 1052 1775 Immo,

293 1801 383 1876 Syre:
938 1875 941 1884 1

213 1897 254 1954 Et
266 1915 313 1955 me
327 1903 468 1954 etmeum
481 1916 608 1954 amorem
621 1901 652 1955 et
664 1896 771 1953 famam
784 1897 922 1972 permitto
935 1898 997 1954 tibi.

211 1992 257 2050 Tu
269 2013 300 2051 es
312 1993 417 2052 iudex:
437 1993 546 2069 nequid
558 1992 735 2051 accusandus
748 1993 788 2049 sis
801 1992 876 2051 uide.

172 2087 222 2145 ΒΥ.
245 2087 444 2146 Ridiculumst
457 2094 487 2145 to
499 2088 575 2145 istuc
588 2106 636 2144 me
648 2086 810 2158 admonere,
827 2086 968 2162 Clitipho:
1018 2107 1020 2114 ⁴

212 2184 303 2253 Quasi
315 2186 383 2243 istic
395 2205 460 2242 mea
472 2204 519 2242 res
531 2185 628 2241 minor
640 2188 745 2259 agatur
758 2201 844 2258 quam
858 2188 916 2241 tua

123 2313 158 2349 355
211 2281 271 2340 Hic
284 2282 381 2359 siquid
393 2283 477 2340 nobis
489 2282 565 2351 forts
578 2281 695 2339 aduorsi
709 2280 848 2352 euenerit,
911 2333 921 2354 ,

210 2377 276 2434 Tibi
289 2384 377 2435 erunt
389 2385 491 2454 parata
503 2379 601 2451 uerba,
616 2378 685 2435 huic
699 2376 811 2435 homini
823 2377 958 2434 uerbera:

211 2475 394 2551 Quapropter
406 2474 477 2532 haec
490 2493 536 2531 res
549 2495 586 2532 na
599 2475 733 2550 utiquam
746 2473 908 2549 neglectust
921 2472 995 2530 mihi

210 2569 267 2627 Sed
289 2570 386 2628 istunc
406 2589 502 2643 exora,
523 2576 558 2626 ut
577 2589 661 2626 stiam
680 2588 741 2626 esse
761 2568 923 2628 adsimulat.
966 2569 1049 2629 Onna

221 2687 226 2697 ·
289 2666 404 2724 Scilicet

210 2757 368 2816 Facturum
381 2777 428 2816 me
441 2776 516 2815 asse:
537 2757 569 2814 in
583 2776 649 2814 eum
662 2757 721 2814 iam
734 2777 779 2814 res
792 2757 880 2815 rediit
892 2758 996 2830 locum,

119 2875 157 2923 ³⁶0
209 2854 254 2910 Vt
267 2853 307 2912 sit
319 2872 462 2913 necessus.
505 2853 586 2910 Onrs.
608 2852 717 2910 Merito
730 2858 847 2925 toarno,
862 2853 965 2912 Clinia

170 2933 254 3007 Onna
284 2948 397 3007 Verum
424 2948 476 3006 illa
501 2946 610 3024 nequid
636 2945 753 3004 titubet.
799 2945 848 3005 ΒΥ.
880 2947 1051 3008 Perdoctast

286 3044 382 3120 probo.

169 3138 250 3196 Cur.
272 3138 318 3195 At
330 3139 384 3197 hoc
398 3138 530 3210 demiror,
546 3137 598 3213 qui
610 3141 672 3194 tam
684 3134 769 3194 facila
782 3135 911 3211 potueris

207 3232 383 3292 Persuadere
397 3234 449 3306 illi,
464 3253 538 3311 quae
552 3233 625 3292 solet
638 3251 710 3308 quos
723 3233 871 3307 spernere!
920 3253 922 3256 ’
