<?xml version="1.0" encoding="UTF-8"?>
<!DOCTYPE html PUBLIC "-//W3C//DTD XHTML 1.0 Transitional//EN"
    "http://www.w3.org/TR/xhtml1/DTD/xhtml1-transitional.dtd">
<html xmlns="http://www.w3.org/1999/xhtml" xml:lang="en" lang="en">
 <head>
  <title>
</title>
<meta http-equiv="Content-Type" content="text/html;charset=utf-8" />
  <meta name='ocr-system' content='tesseract 3.04.00' />
  <meta name='ocr-capabilities' content='ocr_page ocr_carea ocr_par ocr_line ocrx_word'/>
</head>
<body>
  <div class='ocr_page' id='page_1' title='image "./hautontimorumen00shucgoog_0039.png"; bbox 0 0 2334 3814; ppageno 0'>
   <div class='ocr_carea' id='block_1_1' title="bbox 77 241 986 336">
    <p class='ocr_par' dir='ltr' id='par_1_1' title="bbox 77 241 986 336">
     <span class='ocr_line' id='line_1_1' title="bbox 77 241 986 336; baseline 0.001 -3"><span class='ocrx_word' id='word_1_1' title='bbox 77 241 148 334; x_wconf 77' lang='lat'>&#39;11</span> <span class='ocrx_word' id='word_1_2' title='bbox 167 277 292 336; x_wconf 77' lang='grc'><strong>11-11,</strong></span> <span class='ocrx_word' id='word_1_3' title='bbox 379 275 436 332; x_wconf 82' lang='grc'>111</span> <span class='ocrx_word' id='word_1_4' title='bbox 446 273 554 334; x_wconf 72' lang='lat' dir='ltr'>Vror</span> <span class='ocrx_word' id='word_1_5' title='bbox 578 275 892 335; x_wconf 71' lang='lat' dir='ltr'>cinomannos,</span> <span class='ocrx_word' id='word_1_6' title='bbox 970 279 986 334; x_wconf 84' lang='grc'>1</span> 
     </span>
    </p>
   </div>
   <div class='ocr_carea' id='block_1_2' title="bbox 33 403 1037 3356">
    <p class='ocr_par' dir='ltr' id='par_1_2' title="bbox 33 403 1037 3356">
     <span class='ocr_line' id='line_1_2' title="bbox 140 403 857 480; baseline -0.004 -17"><span class='ocrx_word' id='word_1_7' title='bbox 140 406 196 463; x_wconf 86' lang='lat' dir='ltr'>Est</span> <span class='ocrx_word' id='word_1_8' title='bbox 209 425 225 462; x_wconf 90' lang='grc'>1</span> <span class='ocrx_word' id='word_1_9' title='bbox 239 405 380 462; x_wconf 77' lang='lat' dir='ltr'>Corintho</span> <span class='ocrx_word' id='word_1_10' title='bbox 393 404 441 463; x_wconf 88' lang='lat' dir='ltr'>hic</span> <span class='ocrx_word' id='word_1_11' title='bbox 454 405 566 462; x_wconf 85' lang='lat' dir='ltr'>aduena</span> <span class='ocrx_word' id='word_1_12' title='bbox 579 424 653 462; x_wconf 88' lang='lat' dir='ltr'>anus</span> <span class='ocrx_word' id='word_1_13' title='bbox 665 403 857 480; x_wconf 88' lang='lat' dir='ltr'>paupercula:</span> 
     </span>
     <span class='ocr_line' id='line_1_3' title="bbox 141 491 758 578; baseline 0 -19"><span class='ocrx_word' id='word_1_14' title='bbox 141 503 213 560; x_wconf 81' lang='lat' dir='ltr'>Eius</span> <span class='ocrx_word' id='word_1_15' title='bbox 233 491 393 560; x_wconf 54' lang='lat' dir='ltr'>filiam&#39;ille</span> <span class='ocrx_word' id='word_1_16' title='bbox 410 522 507 560; x_wconf 87' lang='lat' dir='ltr'>amare</span> <span class='ocrx_word' id='word_1_17' title='bbox 525 503 620 577; x_wconf 87' lang='lat' dir='ltr'>coepit</span> <span class='ocrx_word' id='word_1_18' title='bbox 637 501 758 578; x_wconf 88' lang='lat' dir='ltr'>perdite,</span> 
     </span>
     <span class='ocr_line' id='line_1_4' title="bbox 99 595 987 672; baseline 0 -18"><span class='ocrx_word' id='word_1_19' title='bbox 99 637 101 641; x_wconf 51' lang='lat'><em>2</em></span> <span class='ocrx_word' id='word_1_20' title='bbox 141 595 234 672; x_wconf 87' lang='lat' dir='ltr'>Prope</span> <span class='ocrx_word' id='word_1_21' title='bbox 255 596 315 652; x_wconf 88' lang='lat' dir='ltr'>iam</span> <span class='ocrx_word' id='word_1_22' title='bbox 336 602 378 653; x_wconf 91' lang='lat' dir='ltr'>ut·</span> <span class='ocrx_word' id='word_1_23' title='bbox 393 615 447 672; x_wconf 90' lang='lat' dir='ltr'>pro</span> <span class='ocrx_word' id='word_1_24' title='bbox 465 614 557 653; x_wconf 87' lang='lat' dir='ltr'>uxore</span> <span class='ocrx_word' id='word_1_25' title='bbox 580 597 719 654; x_wconf 89' lang='lat' dir='ltr'>haberet:</span> <span class='ocrx_word' id='word_1_26' title='bbox 753 596 824 654; x_wconf 88' lang='lat' dir='ltr'>haec</span> <span class='ocrx_word' id='word_1_27' title='bbox 847 597 921 653; x_wconf 91' lang='lat' dir='ltr'>clam</span> <span class='ocrx_word' id='word_1_28' title='bbox 943 617 987 656; x_wconf 86' lang='lat' dir='ltr'>me</span> 
     </span>
     <span class='ocr_line' id='line_1_5' title="bbox 221 692 325 749; baseline 0.01 -1"><span class='ocrx_word' id='word_1_29' title='bbox 221 692 325 749; x_wconf 89' lang='lat' dir='ltr'>omnia.</span> 
     </span>
     <span class='ocr_line' id='line_1_6' title="bbox 140 785 756 862; baseline 0 -20"><span class='ocrx_word' id='word_1_30' title='bbox 140 786 202 845; x_wconf 92' lang='lat' dir='ltr'>Vbi</span> <span class='ocrx_word' id='word_1_31' title='bbox 215 806 276 845; x_wconf 88' lang='lat' dir='ltr'>rem</span> <span class='ocrx_word' id='word_1_32' title='bbox 290 786 404 858; x_wconf 75' lang='lat' dir='ltr'>remini,</span> <span class='ocrx_word' id='word_1_33' title='bbox 419 786 500 862; x_wconf 88' lang='lat' dir='ltr'>coepi</span> <span class='ocrx_word' id='word_1_34' title='bbox 512 804 572 843; x_wconf 93' lang='lat' dir='ltr'>non</span> <span class='ocrx_word' id='word_1_35' title='bbox 586 785 756 843; x_wconf 83' lang='lat' dir='ltr'>humanitus</span> 
     </span>
     <span class='ocr_line' id='line_1_7' title="bbox 142 883 1037 960; baseline -0.003 -20"><span class='ocrx_word' id='word_1_36' title='bbox 142 885 245 960; x_wconf 82' lang='lat' dir='ltr'>Neque</span> <span class='ocrx_word' id='word_1_37' title='bbox 258 890 293 940; x_wconf 89' lang='lat' dir='ltr'>ut</span> <span class='ocrx_word' id='word_1_38' title='bbox 306 883 436 939; x_wconf 88' lang='lat' dir='ltr'>animum</span> <span class='ocrx_word' id='word_1_39' title='bbox 450 883 549 940; x_wconf 87' lang='lat' dir='ltr'>decuit</span> <span class='ocrx_word' id='word_1_40' title='bbox 561 889 712 957; x_wconf 85' lang='lat' dir='ltr'>aegrotum</span> <span class='ocrx_word' id='word_1_41' title='bbox 725 883 934 940; x_wconf 77' lang='lat' dir='ltr'>adulescentuli</span> <span class='ocrx_word' id='word_1_42' title='bbox 1000 922 1037 950; x_wconf 63' lang='grc' dir='ltr'>,ω</span> 
     </span>
     <span class='ocr_line' id='line_1_8' title="bbox 140 977 817 1053; baseline -0.003 -18"><span class='ocrx_word' id='word_1_43' title='bbox 140 979 283 1049; x_wconf 75' lang='lat' dir='ltr'>Tractare,</span> <span class='ocrx_word' id='word_1_44' title='bbox 298 977 349 1035; x_wconf 86' lang='lat' dir='ltr'>sed</span> <span class='ocrx_word' id='word_1_45' title='bbox 362 979 393 1034; x_wconf 90' lang='lat' dir='ltr'>ui</span> <span class='ocrx_word' id='word_1_46' title='bbox 407 984 438 1050; x_wconf 85' lang='grc'>11</span> <span class='ocrx_word' id='word_1_47' title='bbox 449 977 499 1034; x_wconf 87' lang='lat' dir='ltr'>uia</span> <span class='ocrx_word' id='word_1_48' title='bbox 511 977 680 1053; x_wconf 85' lang='lat' dir='ltr'>paruolgata</span> <span class='ocrx_word' id='word_1_49' title='bbox 693 983 817 1052; x_wconf 84' lang='lat' dir='ltr'>patrum.</span> 
     </span>
     <span class='ocr_line' id='line_1_9' title="bbox 141 1075 886 1149; baseline -0.003 -16"><span class='ocrx_word' id='word_1_50' title='bbox 141 1075 255 1133; x_wconf 74' lang='lat' dir='ltr'>Cotidie</span> <span class='ocrx_word' id='word_1_51' title='bbox 269 1077 457 1134; x_wconf 85' lang='lat' dir='ltr'>accusabam:</span> <span class='ocrx_word' id='word_1_52' title='bbox 483 1077 575 1149; x_wconf 86' lang='lat' dir='ltr'>‘hem,</span> <span class='ocrx_word' id='word_1_53' title='bbox 590 1076 683 1132; x_wconf 89' lang='lat' dir='ltr'>tibine</span> <span class='ocrx_word' id='word_1_54' title='bbox 695 1076 765 1132; x_wconf 89' lang='lat' dir='ltr'>haec</span> <span class='ocrx_word' id='word_1_55' title='bbox 776 1077 886 1133; x_wconf 84' lang='lat' dir='ltr'>diutius</span> 
     </span>
     <span class='ocr_line' id='line_1_10' title="bbox 141 1170 912 1246; baseline 0 -20"><span class='ocrx_word' id='word_1_56' title='bbox 141 1170 240 1226; x_wconf 85' lang='lat' dir='ltr'>Licere</span> <span class='ocrx_word' id='word_1_57' title='bbox 254 1188 350 1244; x_wconf 87' lang='lat' dir='ltr'>speras</span> <span class='ocrx_word' id='word_1_58' title='bbox 363 1170 456 1227; x_wconf 86' lang='lat' dir='ltr'>facere</span> <span class='ocrx_word' id='word_1_59' title='bbox 469 1189 516 1227; x_wconf 90' lang='lat' dir='ltr'>me</span> <span class='ocrx_word' id='word_1_60' title='bbox 530 1170 599 1227; x_wconf 90' lang='lat' dir='ltr'>uiuo</span> <span class='ocrx_word' id='word_1_61' title='bbox 614 1175 703 1246; x_wconf 90' lang='lat' dir='ltr'>patre,</span> <span class='ocrx_word' id='word_1_62' title='bbox 910 1171 912 1176; x_wconf 83' lang='grc'><strong>’</strong></span> 
     </span>
     <span class='ocr_line' id='line_1_11' title="bbox 139 1264 879 1340; baseline -0.001 -17"><span class='ocrx_word' id='word_1_63' title='bbox 139 1266 274 1323; x_wconf 86' lang='lat' dir='ltr'>Amicam</span> <span class='ocrx_word' id='word_1_64' title='bbox 291 1271 326 1322; x_wconf 91' lang='lat' dir='ltr'>ut</span> <span class='ocrx_word' id='word_1_65' title='bbox 344 1264 449 1336; x_wconf 82' lang='lat' dir='ltr'>habeas</span> <span class='ocrx_word' id='word_1_66' title='bbox 465 1284 553 1340; x_wconf 88' lang='lat' dir='ltr'>prope</span> <span class='ocrx_word' id='word_1_67' title='bbox 570 1266 630 1321; x_wconf 86' lang='lat' dir='ltr'>iam</span> <span class='ocrx_word' id='word_1_68' title='bbox 649 1265 682 1321; x_wconf 91' lang='lat' dir='ltr'>in</span> <span class='ocrx_word' id='word_1_69' title='bbox 700 1265 799 1321; x_wconf 87' lang='lat' dir='ltr'>uxoris</span> <span class='ocrx_word' id='word_1_70' title='bbox 817 1265 879 1322; x_wconf 92' lang='lat' dir='ltr'>loco</span> 
     </span>
     <span class='ocr_line' id='line_1_12' title="bbox 140 1360 1036 1435; baseline -0.003 -17"><span class='ocrx_word' id='word_1_71' title='bbox 140 1362 236 1433; x_wconf 88' lang='lat' dir='ltr'>Erras,</span> <span class='ocrx_word' id='word_1_72' title='bbox 251 1361 276 1418; x_wconf 87' lang='lat' dir='ltr'>si</span> <span class='ocrx_word' id='word_1_73' title='bbox 291 1361 437 1430; x_wconf 75' lang='grc'><strong>1111111111,</strong></span> <span class='ocrx_word' id='word_1_74' title='bbox 451 1367 481 1417; x_wconf 91' lang='grc'>11</span> <span class='ocrx_word' id='word_1_75' title='bbox 497 1380 544 1418; x_wconf 87' lang='lat' dir='ltr'>me</span> <span class='ocrx_word' id='word_1_76' title='bbox 557 1361 680 1435; x_wconf 83' lang='lat' dir='ltr'>ignoras,</span> <span class='ocrx_word' id='word_1_77' title='bbox 696 1360 800 1418; x_wconf 75' lang='lat' dir='ltr'>Clinia.</span> <span class='ocrx_word' id='word_1_78' title='bbox 1000 1380 1036 1415; x_wconf 85' lang='lat'>105</span> 
     </span>
     <span class='ocr_line' id='line_1_13' title="bbox 117 1446 749 1534; baseline -0.002 -19"><span class='ocrx_word' id='word_1_79' title='bbox 117 1486 119 1492; x_wconf 87' lang='lat'><em>·</em></span> <span class='ocrx_word' id='word_1_80' title='bbox 141 1459 202 1534; x_wconf 81' lang='lat' dir='ltr'>Ego</span> <span class='ocrx_word' id='word_1_81' title='bbox 218 1464 248 1515; x_wconf 89' lang='lat' dir='ltr'>te</span> <span class='ocrx_word' id='word_1_82' title='bbox 262 1476 358 1514; x_wconf 90' lang='lat' dir='ltr'>meum</span> <span class='ocrx_word' id='word_1_83' title='bbox 372 1476 433 1514; x_wconf 84' lang='lat' dir='ltr'>esse</span> <span class='ocrx_word' id='word_1_84' title='bbox 447 1457 504 1513; x_wconf 90' lang='lat' dir='ltr'>dici</span> <span class='ocrx_word' id='word_1_85' title='bbox 516 1457 660 1533; x_wconf 73' lang='lat' dir='ltr'>tantisper</span> <span class='ocrx_word' id='word_1_86' title='bbox 673 1446 749 1528; x_wconf 86' lang='lat' dir='ltr'>uolo,</span> 
     </span>
     <span class='ocr_line' id='line_1_14' title="bbox 144 1554 955 1632; baseline -0.004 -20"><span class='ocrx_word' id='word_1_87' title='bbox 144 1556 220 1613; x_wconf 89' lang='lat' dir='ltr'>Dum</span> <span class='ocrx_word' id='word_1_88' title='bbox 234 1555 312 1632; x_wconf 90' lang='lat' dir='ltr'>quod</span> <span class='ocrx_word' id='word_1_89' title='bbox 325 1561 356 1612; x_wconf 85' lang='lat' dir='ltr'>te</span> <span class='ocrx_word' id='word_1_90' title='bbox 370 1555 519 1630; x_wconf 82' lang='lat' dir='ltr'>dignumst</span> <span class='ocrx_word' id='word_1_91' title='bbox 532 1554 633 1618; x_wconf 85' lang='lat' dir='ltr'>facies:</span> <span class='ocrx_word' id='word_1_92' title='bbox 652 1555 702 1611; x_wconf 81' lang='lat' dir='ltr'>aad</span> <span class='ocrx_word' id='word_1_93' title='bbox 716 1555 741 1610; x_wconf 91' lang='lat' dir='ltr'>si</span> <span class='ocrx_word' id='word_1_94' title='bbox 755 1555 786 1610; x_wconf 92' lang='lat' dir='ltr'>id</span> <span class='ocrx_word' id='word_1_95' title='bbox 799 1557 866 1611; x_wconf 90' lang='lat' dir='ltr'>non&#39;</span> <span class='ocrx_word' id='word_1_96' title='bbox 877 1554 955 1622; x_wconf 85' lang='lat' dir='ltr'>facis,</span> 
     </span>
     <span class='ocr_line' id='line_1_15' title="bbox 140 1648 896 1725; baseline -0.001 -18"><span class='ocrx_word' id='word_1_97' title='bbox 140 1650 202 1725; x_wconf 83' lang='lat' dir='ltr'>Ego</span> <span class='ocrx_word' id='word_1_98' title='bbox 216 1651 294 1725; x_wconf 88' lang='lat' dir='ltr'>quod</span> <span class='ocrx_word' id='word_1_99' title='bbox 307 1669 353 1706; x_wconf 90' lang='lat' dir='ltr'>me</span> <span class='ocrx_word' id='word_1_100' title='bbox 367 1651 399 1705; x_wconf 94' lang='lat' dir='ltr'>in</span> <span class='ocrx_word' id='word_1_101' title='bbox 412 1656 442 1706; x_wconf 87' lang='lat' dir='ltr'>te</span> <span class='ocrx_word' id='word_1_102' title='bbox 456 1649 494 1706; x_wconf 87' lang='lat' dir='ltr'>sit</span> <span class='ocrx_word' id='word_1_103' title='bbox 507 1648 602 1706; x_wconf 80' lang='lat' dir='ltr'>facere</span> <span class='ocrx_word' id='word_1_104' title='bbox 614 1649 736 1724; x_wconf 87' lang='lat' dir='ltr'>dignum</span> <span class='ocrx_word' id='word_1_105' title='bbox 749 1649 896 1706; x_wconf 86' lang='lat' dir='ltr'>inuenero.</span> 
     </span>
     <span class='ocr_line' id='line_1_16' title="bbox 139 1743 853 1802; baseline -0.004 0"><span class='ocrx_word' id='word_1_106' title='bbox 139 1744 231 1802; x_wconf 90' lang='lat' dir='ltr'>Nulla</span> <span class='ocrx_word' id='word_1_107' title='bbox 244 1745 315 1802; x_wconf 84' lang='lat' dir='ltr'>adeo</span> <span class='ocrx_word' id='word_1_108' title='bbox 328 1763 410 1802; x_wconf 87' lang='lat' dir='ltr'>exre</span> <span class='ocrx_word' id='word_1_109' title='bbox 423 1744 499 1801; x_wconf 85' lang='lat' dir='ltr'>istuc</span> <span class='ocrx_word' id='word_1_110' title='bbox 511 1744 546 1800; x_wconf 88' lang='lat' dir='ltr'>fit</span> <span class='ocrx_word' id='word_1_111' title='bbox 559 1743 617 1800; x_wconf 81' lang='lat' dir='ltr'>nisi</span> <span class='ocrx_word' id='word_1_112' title='bbox 630 1763 668 1800; x_wconf 83' lang='lat' dir='ltr'>ex</span> <span class='ocrx_word' id='word_1_113' title='bbox 680 1743 771 1800; x_wconf 89' lang='lat' dir='ltr'>nimio</span> <span class='ocrx_word' id='word_1_114' title='bbox 785 1743 853 1800; x_wconf 88' lang='lat' dir='ltr'>otio.</span> 
     </span>
     <span class='ocr_line' id='line_1_17' title="bbox 139 1840 838 1916; baseline -0.006 -18"><span class='ocrx_word' id='word_1_115' title='bbox 139 1841 201 1916; x_wconf 84' lang='lat' dir='ltr'>Ego</span> <span class='ocrx_word' id='word_1_116' title='bbox 214 1842 289 1896; x_wconf 86' lang='lat' dir='ltr'>istuc</span> <span class='ocrx_word' id='word_1_117' title='bbox 302 1840 405 1897; x_wconf 83' lang='lat' dir='ltr'>aetatis</span> <span class='ocrx_word' id='word_1_118' title='bbox 418 1858 478 1896; x_wconf 92' lang='lat' dir='ltr'>non</span> <span class='ocrx_word' id='word_1_119' title='bbox 491 1840 583 1896; x_wconf 89' lang='lat' dir='ltr'>amori</span> <span class='ocrx_word' id='word_1_120' title='bbox 596 1858 713 1916; x_wconf 87' lang='lat' dir='ltr'>operam</span> <span class='ocrx_word' id='word_1_121' title='bbox 726 1840 838 1909; x_wconf 84' lang='lat' dir='ltr'>dabam,</span> 
     </span>
     <span class='ocr_line' id='line_1_18' title="bbox 53 1933 984 2010; baseline -0.004 -16"><span class='ocrx_word' id='word_1_122' title='bbox 53 1937 56 1940; x_wconf 45' lang='lat'><em>⁴</em></span> <span class='ocrx_word' id='word_1_123' title='bbox 139 1935 196 1994; x_wconf 82' lang='lat' dir='ltr'>Sed</span> <span class='ocrx_word' id='word_1_124' title='bbox 210 1936 243 1992; x_wconf 89' lang='lat' dir='ltr'>in</span> <span class='ocrx_word' id='word_1_125' title='bbox 258 1937 359 1993; x_wconf 83' lang='lat' dir='ltr'>Asiam</span> <span class='ocrx_word' id='word_1_126' title='bbox 372 1935 441 1992; x_wconf 91' lang='lat' dir='ltr'>hinc</span> <span class='ocrx_word' id='word_1_127' title='bbox 455 1935 514 1991; x_wconf 91' lang='lat' dir='ltr'>abii</span> <span class='ocrx_word' id='word_1_128' title='bbox 527 1940 647 2010; x_wconf 88' lang='lat' dir='ltr'>propter</span> <span class='ocrx_word' id='word_1_129' title='bbox 660 1936 826 2010; x_wconf 81' lang='lat' dir='ltr'>pauperiem</span> <span class='ocrx_word' id='word_1_130' title='bbox 839 1939 927 2009; x_wconf 89' lang='lat' dir='ltr'>atque</span> <span class='ocrx_word' id='word_1_131' title='bbox 941 1933 984 1990; x_wconf 90' lang='lat' dir='ltr'>ibi</span> 
     </span>
     <span class='ocr_line' id='line_1_19' title="bbox 139 2029 831 2105; baseline -0.007 -15"><span class='ocrx_word' id='word_1_132' title='bbox 139 2031 232 2090; x_wconf 86' lang='lat' dir='ltr'>Simul</span> <span class='ocrx_word' id='word_1_133' title='bbox 245 2051 307 2088; x_wconf 90' lang='lat' dir='ltr'>rem</span> <span class='ocrx_word' id='word_1_134' title='bbox 321 2038 351 2089; x_wconf 89' lang='lat' dir='ltr'>et</span> <span class='ocrx_word' id='word_1_135' title='bbox 364 2031 485 2105; x_wconf 87' lang='lat' dir='ltr'>gloriam</span> <span class='ocrx_word' id='word_1_136' title='bbox 498 2029 595 2102; x_wconf 85' lang='lat' dir='ltr'>armis,</span> <span class='ocrx_word' id='word_1_137' title='bbox 610 2029 686 2101; x_wconf 83' lang='lat' dir='ltr'>belli,</span> <span class='ocrx_word' id='word_1_138' title='bbox 701 2029 831 2104; x_wconf 65' lang='lat' dir='ltr'>repperi)</span> 
     </span>
     <span class='ocr_line' id='line_1_20' title="bbox 140 2124 800 2197; baseline -0.005 -12"><span class='ocrx_word' id='word_1_139' title='bbox 140 2127 291 2185; x_wconf 87' lang='lat' dir='ltr'>Postremo</span> <span class='ocrx_word' id='word_1_140' title='bbox 304 2128 375 2184; x_wconf 87' lang='lat' dir='ltr'>adeo</span> <span class='ocrx_word' id='word_1_141' title='bbox 388 2145 434 2183; x_wconf 87' lang='lat' dir='ltr'>res</span> <span class='ocrx_word' id='word_1_142' title='bbox 446 2126 548 2197; x_wconf 78' lang='lat' dir='ltr'>rediit:</span> <span class='ocrx_word' id='word_1_143' title='bbox 568 2124 800 2182; x_wconf 86' lang='lat' dir='ltr'>adulescentulus</span> 
     </span>
     <span class='ocr_line' id='line_1_21' title="bbox 138 2221 863 2300; baseline -0.004 -19"><span class='ocrx_word' id='word_1_144' title='bbox 138 2223 229 2300; x_wconf 79' lang='lat' dir='ltr'>Saepe</span> <span class='ocrx_word' id='word_1_145' title='bbox 242 2224 341 2281; x_wconf 84' lang='lat' dir='ltr'>eadem</span> <span class='ocrx_word' id='word_1_146' title='bbox 353 2229 384 2280; x_wconf 91' lang='lat' dir='ltr'>et</span> <span class='ocrx_word' id='word_1_147' title='bbox 397 2223 526 2300; x_wconf 81' lang='lat' dir='ltr'>grauiter</span> <span class='ocrx_word' id='word_1_148' title='bbox 538 2221 683 2279; x_wconf 84' lang='lat' dir='ltr'>audiendo</span> <span class='ocrx_word' id='word_1_149' title='bbox 696 2221 792 2278; x_wconf 84' lang='lat' dir='ltr'>uictus</span> <span class='ocrx_word' id='word_1_150' title='bbox 805 2231 863 2279; x_wconf 84' lang='lat' dir='ltr'>est:</span> 
     </span>
     <span class='ocr_line' id='line_1_22' title="bbox 136 2319 635 2396; baseline -0.008 -17"><span class='ocrx_word' id='word_1_151' title='bbox 136 2320 245 2379; x_wconf 85' lang='lat' dir='ltr'>Aetate</span> <span class='ocrx_word' id='word_1_152' title='bbox 258 2340 305 2377; x_wconf 91' lang='lat' dir='ltr'>me</span> <span class='ocrx_word' id='word_1_153' title='bbox 317 2321 435 2396; x_wconf 87' lang='lat' dir='ltr'>putauit</span> <span class='ocrx_word' id='word_1_154' title='bbox 448 2327 478 2378; x_wconf 87' lang='lat' dir='ltr'>et</span> <span class='ocrx_word' id='word_1_155' title='bbox 491 2319 635 2396; x_wconf 85' lang='lat' dir='ltr'>sapientia</span> 
     </span>
     <span class='ocr_line' id='line_1_23' title="bbox 84 2399 840 2492; baseline -0.003 -18"><span class='ocrx_word' id='word_1_156' title='bbox 84 2399 86 2408; x_wconf 28' lang='grc' dir='ltr'>Ι</span> <span class='ocrx_word' id='word_1_157' title='bbox 137 2416 209 2474; x_wconf 88' lang='lat' dir='ltr'>Plus</span> <span class='ocrx_word' id='word_1_158' title='bbox 222 2415 294 2473; x_wconf 84' lang='lat' dir='ltr'>scira</span> <span class='ocrx_word' id='word_1_159' title='bbox 307 2423 337 2473; x_wconf 89' lang='grc'>11</span> <span class='ocrx_word' id='word_1_160' title='bbox 351 2415 502 2492; x_wconf 88' lang='lat' dir='ltr'>prouidere</span> <span class='ocrx_word' id='word_1_161' title='bbox 515 2435 603 2491; x_wconf 91' lang='lat' dir='ltr'>quam</span> <span class='ocrx_word' id='word_1_162' title='bbox 616 2434 647 2473; x_wconf 87' lang='lat' dir='ltr'>se</span> <span class='ocrx_word' id='word_1_163' title='bbox 659 2414 756 2492; x_wconf 90' lang='lat' dir='ltr'>ipsum</span> <span class='ocrx_word' id='word_1_164' title='bbox 771 2415 840 2472; x_wconf 85' lang='lat' dir='ltr'>sibi:</span> 
     </span>
     <span class='ocr_line' id='line_1_24' title="bbox 137 2510 880 2588; baseline -0.003 -18"><span class='ocrx_word' id='word_1_165' title='bbox 137 2513 176 2570; x_wconf 93' lang='lat' dir='ltr'>In</span> <span class='ocrx_word' id='word_1_166' title='bbox 190 2513 293 2570; x_wconf 81' lang='lat' dir='ltr'>Asiam</span> <span class='ocrx_word' id='word_1_167' title='bbox 307 2513 343 2570; x_wconf 86' lang='lat' dir='ltr'>ad</span> <span class='ocrx_word' id='word_1_168' title='bbox 356 2532 453 2588; x_wconf 83' lang='lat' dir='ltr'>regern</span> <span class='ocrx_word' id='word_1_169' title='bbox 466 2511 623 2569; x_wconf 87' lang='lat' dir='ltr'>militatum</span> <span class='ocrx_word' id='word_1_170' title='bbox 640 2511 720 2582; x_wconf 85' lang='lat' dir='ltr'>abiit,</span> <span class='ocrx_word' id='word_1_171' title='bbox 737 2510 880 2568; x_wconf 81' lang='lat' dir='ltr'>Chremes.</span> 
     </span>
     <span class='ocr_line' id='line_1_25' title="bbox 96 2602 981 2681; baseline -0.006 -18"><span class='ocrx_word' id='word_1_172' title='bbox 96 2605 151 2665; x_wconf 80' lang='grc'><strong>011.</strong></span> <span class='ocrx_word' id='word_1_173' title='bbox 195 2605 273 2675; x_wconf 82' lang='lat' dir='ltr'>Quid</span> <span class='ocrx_word' id='word_1_174' title='bbox 292 2605 353 2663; x_wconf 79' lang='lat' dir='ltr'>aial</span> <span class='ocrx_word' id='word_1_175' title='bbox 392 2605 454 2664; x_wconf 80' lang='lat' dir='ltr'>Mn.</span> <span class='ocrx_word' id='word_1_176' title='bbox 481 2603 564 2661; x_wconf 80' lang='lat' dir='ltr'>(llam</span> <span class='ocrx_word' id='word_1_177' title='bbox 579 2621 626 2660; x_wconf 90' lang='lat' dir='ltr'>me</span> <span class='ocrx_word' id='word_1_178' title='bbox 642 2603 786 2681; x_wconf 82' lang='lat' dir='ltr'>profectus</span> <span class='ocrx_word' id='word_1_179' title='bbox 802 2602 909 2660; x_wconf 81' lang='lat' dir='ltr'>mensis</span> <span class='ocrx_word' id='word_1_180' title='bbox 928 2603 981 2660; x_wconf 83' lang='lat' dir='ltr'>tris</span> 
     </span>
     <span class='ocr_line' id='line_1_26' title="bbox 216 2704 304 2760; baseline 0 0"><span class='ocrx_word' id='word_1_181' title='bbox 216 2704 304 2760; x_wconf 84' lang='lat' dir='ltr'>abest.</span> 
     </span>
     <span class='ocr_line' id='line_1_27' title="bbox 95 2795 911 2871; baseline -0.005 -15"><span class='ocrx_word' id='word_1_182' title='bbox 95 2799 150 2856; x_wconf 76' lang='grc'><strong>011.</strong></span> <span class='ocrx_word' id='word_1_183' title='bbox 192 2797 291 2855; x_wconf 89' lang='lat' dir='ltr'>Ambo</span> <span class='ocrx_word' id='word_1_184' title='bbox 304 2795 471 2855; x_wconf 85' lang='lat' dir='ltr'>accusandi:</span> <span class='ocrx_word' id='word_1_185' title='bbox 492 2796 549 2854; x_wconf 87' lang='lat' dir='ltr'>etsi</span> <span class='ocrx_word' id='word_1_186' title='bbox 561 2796 636 2853; x_wconf 90' lang='lat' dir='ltr'>illud</span> <span class='ocrx_word' id='word_1_187' title='bbox 648 2795 799 2871; x_wconf 87' lang='lat' dir='ltr'>inceptum</span> <span class='ocrx_word' id='word_1_188' title='bbox 812 2803 911 2853; x_wconf 86' lang='lat' dir='ltr'>tamen</span> 
     </span>
     <span class='ocr_line' id='line_1_28' title="bbox 133 2891 825 2969; baseline -0.003 -19"><span class='ocrx_word' id='word_1_189' title='bbox 133 2893 267 2950; x_wconf 84' lang='lat' dir='ltr'>Animist</span> <span class='ocrx_word' id='word_1_190' title='bbox 279 2894 416 2969; x_wconf 89' lang='lat' dir='ltr'>pudentis</span> <span class='ocrx_word' id='word_1_191' title='bbox 430 2892 543 2968; x_wconf 84' lang='lat' dir='ltr'>signum</span> <span class='ocrx_word' id='word_1_192' title='bbox 558 2898 588 2948; x_wconf 92' lang='grc'>11</span> <span class='ocrx_word' id='word_1_193' title='bbox 600 2911 660 2949; x_wconf 90' lang='lat' dir='ltr'>non</span> <span class='ocrx_word' id='word_1_194' title='bbox 672 2891 825 2948; x_wconf 84' lang='lat' dir='ltr'>instrenui.</span> 
     </span>
     <span class='ocr_line' id='line_1_29' title="bbox 93 2975 843 3067; baseline -0.004 -20"><span class='ocrx_word' id='word_1_195' title='bbox 93 2991 156 3051; x_wconf 78' lang='lat' dir='ltr'>Mu.</span> <span class='ocrx_word' id='word_1_196' title='bbox 198 2990 263 3048; x_wconf 86' lang='lat' dir='ltr'>Vbi</span> <span class='ocrx_word' id='word_1_197' title='bbox 274 2975 401 3067; x_wconf 84' lang='lat' dir='ltr'>comperi</span> <span class='ocrx_word' id='word_1_198' title='bbox 414 3011 451 3048; x_wconf 87' lang='lat' dir='ltr'>ex</span> <span class='ocrx_word' id='word_1_199' title='bbox 464 2993 514 3064; x_wconf 86' lang='lat' dir='ltr'>eia,</span> <span class='ocrx_word' id='word_1_200' title='bbox 530 2991 581 3067; x_wconf 90' lang='lat' dir='ltr'>qui</span> <span class='ocrx_word' id='word_1_201' title='bbox 593 2991 674 3048; x_wconf 88' lang='lat' dir='ltr'>fuere</span> <span class='ocrx_word' id='word_1_202' title='bbox 688 2990 715 3048; x_wconf 90' lang='grc'>11</span> <span class='ocrx_word' id='word_1_203' title='bbox 729 2989 843 3059; x_wconf 87' lang='lat' dir='ltr'>conscii,</span> 
     </span>
     <span class='ocr_line' id='line_1_30' title="bbox 69 3091 914 3168; baseline 0.002 -20"><span class='ocrx_word' id='word_1_204' title='bbox 69 3093 75 3106; x_wconf 85' lang='grc'><strong>”</strong></span> <span class='ocrx_word' id='word_1_205' title='bbox 133 3092 261 3150; x_wconf 91' lang='lat' dir='ltr'>Domum</span> <span class='ocrx_word' id='word_1_206' title='bbox 274 3097 407 3149; x_wconf 87' lang='lat' dir='ltr'>reuortor</span> <span class='ocrx_word' id='word_1_207' title='bbox 419 3097 546 3149; x_wconf 82' lang='lat' dir='ltr'>maestus</span> <span class='ocrx_word' id='word_1_208' title='bbox 559 3098 647 3168; x_wconf 82' lang='lat' dir='ltr'>atquo</span> <span class='ocrx_word' id='word_1_209' title='bbox 660 3091 758 3148; x_wconf 88' lang='lat' dir='ltr'>animo</span> <span class='ocrx_word' id='word_1_210' title='bbox 771 3091 830 3148; x_wconf 86' lang='lat' dir='ltr'>fere</span> <span class='ocrx_word' id='word_1_211' title='bbox 910 3143 914 3150; x_wconf 84' lang='lat'>.</span> 
     </span>
     <span class='ocr_line' id='line_1_31' title="bbox 33 3186 822 3264; baseline 0.001 -20"><span class='ocrx_word' id='word_1_212' title='bbox 33 3255 35 3260; x_wconf 28' lang='grc' dir='ltr'>Ι</span> <span class='ocrx_word' id='word_1_213' title='bbox 133 3186 310 3244; x_wconf 85' lang='lat' dir='ltr'>Perturbato</span> <span class='ocrx_word' id='word_1_214' title='bbox 323 3193 411 3264; x_wconf 89' lang='lat' dir='ltr'>atque</span> <span class='ocrx_word' id='word_1_215' title='bbox 426 3187 537 3244; x_wconf 82' lang='lat' dir='ltr'>incerto</span> <span class='ocrx_word' id='word_1_216' title='bbox 550 3205 620 3262; x_wconf 89' lang='lat' dir='ltr'>prae</span> <span class='ocrx_word' id='word_1_217' title='bbox 632 3186 822 3262; x_wconf 86' lang='lat' dir='ltr'>aegritudine.</span> 
     </span>
     <span class='ocr_line' id='line_1_32' title="bbox 133 3282 839 3356; baseline 0.007 -17"><span class='ocrx_word' id='word_1_218' title='bbox 133 3282 261 3341; x_wconf 84' lang='lat' dir='ltr'>Adsido:</span> <span class='ocrx_word' id='word_1_219' title='bbox 281 3283 442 3340; x_wconf 87' lang='lat' dir='ltr'>adcurrunt</span> <span class='ocrx_word' id='word_1_220' title='bbox 455 3285 541 3356; x_wconf 88' lang='lat' dir='ltr'>serui,</span> <span class='ocrx_word' id='word_1_221' title='bbox 556 3303 651 3342; x_wconf 83' lang='lat' dir='ltr'>soccos</span> <span class='ocrx_word' id='word_1_222' title='bbox 666 3282 839 3344; x_wconf 87' lang='lat' dir='ltr'>detrahunt:</span> 
     </span>
    </p>
   </div>
   <div class='ocr_carea' id='block_1_3' title="bbox 826 3397 901 3453">
    <p class='ocr_par' dir='ltr' id='par_1_3' title="bbox 826 3397 901 3453">
     <span class='ocr_line' id='line_1_33' title="bbox 826 3397 901 3453; baseline -0.013 0"><span class='ocrx_word' id='word_1_223' title='bbox 826 3397 901 3453; x_wconf 83' lang='lat' dir='ltr'>3-a</span> 
     </span>
    </p>
   </div>
   <div class='ocr_carea' id='block_1_4' title="bbox 0 0 1172 3814">
    <p class='ocr_par' dir='ltr' id='par_1_4' title="bbox 0 0 1172 3814">
     <span class='ocr_line' id='line_1_34' title="bbox 0 0 1172 3814; baseline 0 0"><span class='ocrx_word' id='word_1_224' title='bbox 0 0 1172 3814; x_wconf 95' lang='lat' dir='ltr'> </span> 
     </span>
    </p>
   </div>
  </div>
 </body>
</html>
