2334 3814
152 281 189 338 42
227 280 403 341 HAVTON
428 281 739 342 TJMORVMnnon
776 280 1031 341 IVw419-511
1065 274 1067 282 ’

39 421 41 428 ’
84 395 88 399 ’
191 410 276 480 Quod
295 412 351 469 tibi
371 411 444 470 dem.
488 413 542 470 BA.
564 413 693 490 Dignam
713 433 759 472 me
779 420 874 490 putas,
889 431 977 528 quam
990 415 1033 472 in

268 507 372 566 ludas?
413 508 461 566 ΒΥ.
484 509 555 566 Non
568 516 612 567 est
625 516 741 570 temere.

151 602 205 659 Bn
228 602 365 662 Etiamne
387 610 484 662 tecum
507 605 555 664 hic
574 626 621 664 res
640 607 765 666 minisci
806 606 855 664 ΒΥ.
880 607 1031 666 Minuma:

268 705 352 758 tuom
365 701 422 759 tibi
434 701 532 760 reddo.

151 794 204 852 ΒΔ,
236 795 336 854 Eatur.
380 797 429 855 ΒΥ.
459 797 584 876 Sequere
610 798 672 856 hac.
702 800 783 870 heus,
811 799 929 858 Dromo.
971 799 1029 868 Dn.

270 889 344 959 Quis
357 912 404 950 me
417 893 503 952 nolti
538 894 587 952 ΒΥ.
610 894 708 970 Syrus.
744 894 801 952 Da.
825 894 904 962 Quid
917 895 960 952 est
972 896 1030 954 reil

152 985 200 1043 ΒΥ.
233 985 366 1044 Ancillas
390 989 484 1047 omnis
507 983 661 1047 Bacchidis
686 990 806 1048 traduce
832 990 889 1046 huc
914 990 953 1050 ad
979 1007 1032 1046 uos

268 1099 395 1160 propere.

101 1197 137 1236 745
152 1177 208 1236 Βι
231 1179 465 1248 Quamobrem?
506 1179 555 1238 ΒΥ.
577 1181 626 1238 Νι
646 1200 784 1257 quaeras.
805 1181 933 1284 ecferant
956 1200 1031 1257 quas

218 1286 220 1292 '
268 1297 365 1335 secum
379 1279 436 1335 huc
449 1280 622 1337 attiderunt.

189 1374 323 1450 Sperabit
337 1381 486 1452 cumptum
505 1375 563 1433 sibi
583 1395 673 1434 senex
691 1376 821 1434 leuatum
841 1392 902 1434 esse
920 1375 1031 1433 harunc

266 1469 368 1529 abitu:

188 1564 237 1622 Ne
249 1565 299 1622 ille
309 1566 431 1638 hauscit,
442 1565 496 1624 hcc
509 1567 629 1644 paulum
643 1568 718 1626 lucri
732 1575 877 1645 quantum
890 1574 917 1624 ei
931 1567 1031 1624 damni

266 1659 410 1736 adportet.

186 1755 231 1812 Tu
254 1757 348 1813 nescis
371 1757 403 1814 id
430 1757 508 1834 quod
534 1759 598 1831 scis,
626 1758 747 1832 Dromo,
776 1758 803 1816 si
827 1759 930 1836 sapies.
971 1759 1028 1817 Dc.
1097 1785 1100 1792 ι

267 1850 388 1909 Mutum
402 1853 486 1911 dices.

439 1999 591 2057 Onnnnns.
634 1998 736 2057 Svnvs.
812 1997 813 2002 ’

71 2121 112 2180 IV
122 2123 137 2171 5
150 2125 204 2186 On.
237 2127 287 2186 Ita
299 2148 346 2187 me
359 2129 391 2186 di
403 2130 551 2200 amabunt,
566 2135 602 2186 nt
614 2147 693 2204 nunc
707 2125 913 2185 Menedemi
884 2144 976 2184 mcem

74 2199 137 2317 1’7?
187 2224 310 2282 Miseret
322 2244 382 2282 me
402 2231 519 2284 tantum
532 2225 683 2283 deuenisse
696 2225 734 2282 ad
747 2244 814 2282 eum
827 2224 906 2282 mali.

188 2321 332 2379 Illancine
345 2321 499 2379 mulierem
512 2321 589 2379 alere
603 2340 669 2378 cnm
682 2321 734 2377 illa
746 2311 872 2378 familiai

187 2413 255 2472 Etsi
267 2414 334 2487 scio,
348 2416 434 2472 hosce
447 2415 561 2491 aliquot
573 2415 634 2472 dies
648 2433 708 2471 non
721 2415 840 2476 sentiet:

188 2509 238 2566 Ita
250 2529 355 2585 magno
369 2509 511 2568 desiderio
524 2510 583 2567 fuit
596 2509 625 2568 ei
636 2509 725 2567 filius.

186 2603 300 2661 Verum
314 2603 367 2660 ubi
378 2604 493 2662 uidebit
506 2609 605 2660 tentos
619 2603 675 2660 sibi
688 2607 821 2679 sumptus
834 2602 912 2661 domi
990 2629 993 2635 ·

98 2728 134 2766 7⁵⁵
187 2701 355 2760 Cotidianos
368 2700 433 2758 fieri
445 2720 498 2759 nec
511 2700 575 2758 fieri
587 2701 714 2770 modum,

187 2795 311 2873 Optabit
323 2816 440 2854 rursum
453 2803 489 2855 ut
502 2798 587 2855 abeat
600 2797 637 2854 ab
650 2815 681 2853 se
694 2795 781 2852 filius.

187 2894 295 2969 Syrum
317 2898 436 2970 optume
459 2913 566 2951 eccum.
612 2893 662 2950 ΒΥ.
703 2890 788 2949 Cesso
809 2889 887 2947 hunc
908 2889 1030 2948 adoriril
1109 2972 1112 2976 .

266 2989 321 3048 On.
353 2989 434 3066 Syre.
476 2989 533 3069 ΒΥ.
558 2989 647 3047 Hem.

147 3086 203 3144 Gn.
236 3085 316 3154 Quid
329 3088 387 3144 esti
417 3085 467 3145 ΒΥ.
499 3083 887 3162 Temiipsumiamdudum
895 3085 1030 3162 optabam

266 3181 337 3239 dari.

147 3278 204 3336 On.
237 3277 349 3336 Videre
362 3281 452 3358 egisse
465 3280 524 3339 iam
536 3279 633 3339 nescio
646 3280 717 3358 quid
731 3298 888 3338 cumsans.
915 3354 916 3359 η
992 3275 995 3284 ’
