2334 3814
174 249 191 303 8
258 246 434 306 HAVTON
460 242 767 304 TIMORVMENOS.
843 240 1045 302 Ille-103

125 398 160 433 1²⁵
213 375 309 433 Video
322 375 394 432 alios
407 373 552 443 festinare,
566 373 655 430 lectos
668 377 809 444 sternere,

213 473 321 531 Oenam
334 471 487 546 adparare:
507 488 560 545 pro
573 488 604 526 se
617 468 740 544 quisque
753 465 855 524 sedulo

212 569 377 638 Facieban't‚
392 585 451 642 quo
463 566 545 622 illam
558 565 632 622 mihi
645 563 771 621 lenirent
783 563 937 624 miseriam.

213 666 276 722 Vbi
289 665 382 734 uideo,
397 663 468 720 haec
481 662 561 737 coepi
575 661 700 736 cogitare
716 659 803 730 ‘hem,
817 666 863 718 tot
876 680 941 719 mea

215 760 311 818 Solius
324 758 442 817 solliciti
456 758 517 816 sint
530 776 625 828 causa,
639 762 674 812 ut
686 775 733 813 me
747 775 840 813 unum
853 758 1008 833 expleantl

123 883 159 918 130
212 856 348 914 Ancillae
361 861 407 912 tot
420 871 466 912 me
480 853 623 911 uestiantl
657 857 791 926 sumptus
805 851 884 909 domi

212 951 321 1008 Tantos
334 969 387 1026 ego
400 950 478 1007 solus
490 948 612 1007 faciaml
646 947 696 1004 scd
709 951 831 1022 gnatum
845 947 971 1017 unicum,

213 1049 307 1117 Quem
321 1048 431 1124 pariter
443 1047 490 1104 uti
502 1047 549 1103 his
562 1045 660 1102 decuit
673 1049 725 1101 aut
738 1043 827 1100 etiam
841 1044 973 1120 amplius,

214 1145 300 1213 Quod
312 1143 364 1200 illa
377 1148 457 1200 aetas
470 1142 562 1218 magis
575 1141 696 1198 adhaec
709 1141 818 1198 utenda
830 1140 969 1213 idoneae,

215 1241 292 1296 Eum
305 1258 357 1315 ego
370 1239 439 1297 hinc
452 1239 525 1297 eieci
537 1238 676 1295 miserum
688 1237 834 1295 iniustitia
847 1257 918 1297 mea.

124 1365 147 1400 η
215 1335 297 1392 Malo
310 1335 430 1411 quidem
442 1354 489 1393 me
502 1336 606 1411 quouis
619 1334 741 1409 dignum
754 1334 899 1409 deputem,

215 1431 248 1488 Si
260 1431 292 1488 id
305 1431 416 1490 faciam.
449 1449 517 1487 nam
531 1449 623 1506 usque
636 1429 707 1485 dum
721 1429 769 1485 ille
783 1429 876 1488 uitam
889 1429 974 1487 illam
986 1430 1060 1486 colet

215 1525 345 1600 Inopem,
361 1543 461 1582 carens
474 1525 569 1600 patria
581 1525 619 1582 ob
632 1543 710 1582 meae
723 1524 853 1594 inimice,

215 1623 334 1680 Interea
346 1641 438 1698 usquc
452 1621 497 1679 illi
510 1622 546 1679 de
559 1640 606 1679 me
619 1620 793 1696 supplicium
807 1621 889 1679 dabo.

215 1718 371 1791 Laborans,
386 1736 535 1794 quaerens,
550 1736 678 1793 parcens,
694 1717 739 1773 illi
752 1716 899 1774 seruiens?

108 1831 110 1834 ·
125 1849 133 1873 1
150 1849 162 1873 0
213 1814 263 1871 Ita
278 1813 353 1871 facio
366 1832 495 1889 prorsus:
516 1813 560 1870 nil
574 1813 707 1888 relinquo
719 1811 752 1868 in
765 1811 891 1882 aedibus,

214 1909 278 1968 Nec
292 1928 344 1967 uas
357 1929 411 1967 nec
423 1909 646 1967 uestimentum:
666 1908 777 1966 conrasi
791 1907 894 1967 omniu

213 2006 354 2078 Ancillas,
369 2024 475 2078 seruos,
490 2005 548 2062 nisi
561 2024 609 2062 eos
622 2005 674 2080 qui
687 2022 772 2080 opere
785 2003 895 2061 rustico

215 2105 361 2163 Faciundo
373 2103 457 2161 facile
470 2109 621 2179 sumptum
640 2101 803 2160 exercirent
821 2118 913 2172 suom,

216 2199 319 2256 Omnis
331 2198 458 2274 produxi
472 2217 506 2255 ac
519 2197 645 2256 uendidi.
673 2195 809 2271 inscripsi
820 2195 888 2252 ilico

125 2323 132 2346 ι
213 2297 321 2355 Aedis:
342 2296 503 2354 mercedem
516 2294 600 2370 quasi
612 2294 723 2350 talenta
736 2292 773 2349 ad
786 2292 952 2368 quindecim

214 2391 317 2466 Coegi:
338 2409 440 2466 agrum
454 2389 532 2446 hunc
545 2393 688 2446 mercatus
702 2406 780 2444 sum:
801 2386 848 2444 hic
861 2406 908 2444 me
921 2405 1047 2444 exerceo
1160 2451 1161 2454 Ἴ

214 2484 340 2542 Decreui
352 2486 495 2560 tantisper
507 2503 554 2541 me
567 2483 664 2540 minus
677 2483 811 2555 iniuriae,

214 2584 358 2655 Chremes,
373 2601 438 2639 mec
450 2587 539 2657 gnato
552 2581 654 2652 facere,
670 2581 742 2637 dum
754 2580 823 2637 fiam
835 2582 938 2638 miser:

213 2678 276 2735 Nec
289 2677 333 2734 fas
346 2697 414 2748 ease,
429 2677 491 2734 ulla
504 2695 551 2733 me
564 2676 715 2752 uoluptate
728 2675 776 2733 hic
788 2675 856 2746 frui,

124 2805 160 2839 150
213 2774 281 2832 Nisi
294 2774 346 2830 ubi
358 2773 408 2831 ille
422 2774 479 2831 huc
492 2773 587 2832 saluos
599 2772 719 2830 redierit
732 2790 813 2832 meus
827 2770 978 2848 particeps.

174 2870 228 2928 On.
261 2869 385 2946 Ingenio
398 2875 429 2926 te
442 2887 502 2926 esse
516 2869 549 2928 in
562 2869 667 2927 liberos
680 2868 740 2926 leni
753 2872 833 2943 puto,

213 2964 253 3021 Et
265 2964 350 3021 illum
363 2965 576 3040 obsequentem,
592 2963 683 3039 siquis
698 2969 775 3022 recte
787 2967 840 3019 aut
853 2962 1000 3020 commode

212 3062 367 3122 Tractaret.
395 3081 499 3122 uerum
512 3080 606 3136 neque
619 3060 704 3120 illum
716 3065 751 3116 tu
764 3060 835 3117 satis
848 3078 980 3132 noueras,

214 3156 246 3213 N
246 3175 277 3214 ec
291 3163 321 3214 te
333 3158 398 3234 ille;
418 3158 472 3215 hoc
485 3158 563 3234 quod
575 3157 617 3228 fit,
633 3156 685 3214 ubi
697 3175 758 3214 non
768 3175 840 3213 uere
854 3155 976 3213 uiuitur.

54 3330 61 3348 .
123 3289 158 3325 155
212 3251 256 3308 Tu
270 3252 352 3309 illum
367 3271 526 3328 numquam
540 3251 697 3310 ostendisti
710 3252 814 3328 quanti
828 3251 975 3328 penderes
