2334 3814
149 232 187 292 44
247 231 306 289 HA
316 231 429 305 Vror(
449 227 761 292 TIMORVMENOS.
793 230 844 303 IV
859 231 878 288 5
893 231 990 290 35-6
1003 233 1029 292 4.

99 377 134 425 ⁷⁵⁵
148 356 196 414 Sr.
229 355 395 414 Credebam.
419 355 475 414 On.
498 355 640 416 Minume.
663 355 712 415 ΒΥ.
735 355 813 415 Seite
827 357 1033 433 poteratfiori:

187 451 228 509 Et
242 471 294 528 ego
307 451 370 523 hoo,
385 451 455 527 quia
468 451 580 509 dudum
593 458 629 509 tu
641 457 727 510 tanto
739 465 826 530 opere
839 472 978 526 suaseras,

186 546 231 604 Eo
244 547 332 622 coepi.
365 545 421 605 011.
453 546 553 608 Credo.
585 547 634 605 ΒΥ.
656 548 794 606 Ceterum
803 548 938 624 equidem
945 549 1033 623 istuc,

266 640 411 713 Chremes,
788 633 793 646 ⁸

188 739 286 817 Aequi
297 740 425 816 bonique
439 740 521 798 faoio.
564 741 621 802 ΟΗ.
648 742 747 819 Aequi
760 761 848 818 quam
862 761 1000 800 maxume

185 836 263 894 Volo
277 843 308 894 te
321 837 390 896 dare
403 856 519 913 operam
533 843 569 895 ut
582 838 642 910 fiat,
658 856 762 896 uerum
776 838 834 897 alia
847 840 904 898 uia.
945 883 956 906 .

97 956 135 993 790
147 932 196 990 SY.
232 933 307 1006 Fiat,
322 937 482 1009 quaeratur
494 933 614 1009 aliquid
650 935 700 991 sed
716 935 789 992 illud
805 936 884 1011 quod
897 935 954 994 tibi

185 1027 261 1086 Dixi
273 1030 309 1087 de
322 1034 452 1105 argento,
467 1029 547 1106 quod
559 1029 617 1088 ista
629 1029 718 1088 debet
731 1031 880 1104 Bacchidi,

185 1125 222 1183 Id
235 1144 315 1183 nuno
329 1125 537 1183 reddendumst
549 1126 608 1188 illi:
628 1147 723 1205 neque
736 1133 771 1186 tu
784 1129 895 1187 scilieet
984 1161 986 1167 ·

185 1221 262 1279 Illue
276 1221 438 1296 confugies:
462 1221 547 1297 ‘quid
560 1224 642 1281 meai
670 1243 743 1280 num
755 1225 829 1282 mihi
843 1225 991 1283 meumst?

185 1316 268 1373 Num
281 1316 368 1374 iussil
397 1335 470 1373 num
483 1316 535 1374 illa
549 1319 741 1394 oppignerare
754 1319 846 1378 filiam

97 1451 133 1490 79⁵
186 1413 287 1470 Meam
298 1431 345 1469 me
358 1411 455 1470 inuito
468 1414 595 1489 potuitl’
617 1433 721 1472 uerum
734 1415 818 1486 illud,
835 1414 982 1487 Chremes,
1057 1463 1058 1468 ,
1163 1417 1164 1428 ’

186 1509 314 1566 Dicunt:
337 1509 395 1566 ‘ius
409 1528 556 1567 summum
570 1529 655 1587 saepe
668 1517 811 1570 summast
823 1511 954 1568 malitia'

88 1615 90 1618 ’
147 1604 202 1664 On.
235 1603 328 1679 Haud
342 1604 453 1662 faciam.
490 1604 540 1663 ΒΥ.
573 1604 669 1701 Immo
682 1605 787 1664 aliissi
806 1606 882 1674 lieet,
898 1605 955 1664 sibi
974 1624 1034 1663 non

264 1699 349 1757 lieet:

189 1795 297 1854 Omnes
312 1801 343 1854 te
355 1796 388 1854 in
402 1797 484 1855 lauta
496 1816 551 1855 aeae
564 1802 595 1856 ei
608 1797 681 1855 bene
695 1803 783 1856 aucta
794 1818 824 1858 re
838 1802 952 1874 putant.

148 1892 203 1950 On.
240 1891 321 1962 Quin
334 1899 447 1970 egomet
464 1893 524 1950 iam
540 1894 659 1962 adeam
677 1894 813 1952 deferam.
850 1892 899 1952 Sr.
936 1891 1034 1954 Immo

266 1989 360 2047 filium

98 2101 136 2138 ⁸00
187 2085 262 2144 Iube
271 2086 377 2162 potius.
410 2085 465 2145 On.
497 2086 716 2157 Quamobreml
748 2085 796 2144 Su.
820 2084 896 2154 Quia
909 2082 1033 2142 enimin

211 2247 212 2254 ἵ
267 2203 334 2240 eum
348 2183 499 2259 suspitiost

187 2279 340 2337 Translata
353 2279 467 2338 amoris.
498 2278 553 2338 On.
580 2277 658 2347 Quid
673 2279 753 2336 iuml
792 2276 841 2336 ΒΥ.
865 2275 942 2346 Quia
954 2274 1033 2333 uide
1069 2303 1074 2310 ·

266 2377 294 2432 b·
331 2395 348 2432 r
667 2411 669 2420 ι

188 2383 362 2548 Magisllrllri
374 2470 469 2529 simile
482 2469 513 2527 id
527 2489 597 2540 esse,
612 2487 700 2545 quom
712 2467 761 2526 hie
773 2467 819 2524 illi
832 2467 928 2526 dabit:

187 2569 228 2626 Et
242 2568 330 2626 simul
344 2567 496 2625 conficiam
509 2565 626 2623 facilius
639 2583 692 2641 ego
706 2563 784 2641 quod
799 2564 873 2622 uolo.

186 2662 254 2739 Ipse
268 2663 339 2720 adeo
353 2663 449 2720 adest:
470 2661 528 2733 abi,
543 2661 620 2719 ecfer
632 2667 796 2736 argentum.
831 2658 887 2716 OE.
917 2655 1029 2716 Eclero.

435 2839 592 2921 Omrmpo.
635 2836 740 2898 Servs.

72 2975 135 3036 ΝΘ
148 2966 197 3025 On.
233 2967 355 3024 Nullast
366 2970 429 3023 ’eam
442 2965 535 3022 facilis
548 2983 603 3034 res,
617 2964 690 3039 quin
702 2959 828 3032 difficilis
841 2958 906 3034 siet,

86 3060 137 3098 1·⁴
189 3063 285 3133 Quam
297 3061 411 3118 inuitus
423 3059 522 3132 fauiae,
536 3059 585 3115 uel
598 3076 645 3114 me
658 3057 729 3119 haee
742 3053 949 3124 deambulatio,

98 3142 136 3181 ⁸⁰⁶
188 3155 283 3225 Quam
295 3173 357 3212 non
368 3155 519 3226 laboriosa,
534 3153 572 3210 ad
584 3153 753 3228 languorem
765 3148 855 3207 dedis.

188 3252 252 3310 Neo
266 3251 421 3327 quiequam
434 3249 527 3328 magis
539 3268 619 3308 nuno
632 3252 732 3307 metuo
746 3263 834 3322 quam
846 3262 884 3302 ne
898 3243 994 3302 denuo
