2334 3814
170 259 205 331 10
325 253 500 314 HAVTON
518 250 827 312 TIMORI'MENOS.
882 251 1051 310 123-18.

208 386 298 445 Proin
311 391 346 443 tu
360 383 583 442 sollicitudinem
597 383 685 439 iatam
697 381 808 453 falsam,
823 400 898 457 quae
911 387 941 439 te
954 401 1053 439 excru-

287 481 353 552 ciat,
367 481 476 537 mittas.

168 578 223 636 Gir.
257 577 383 645 Quicum
396 577 526 652 loquitur
540 575 633 633 filiunt
1120 634 1122 638 ,

59 735 62 742 ,
169 673 218 728 On.
250 670 340 729 Pater
352 671 441 741 adeat,
455 690 543 748 quem
556 671 651 731 uolui:
671 670 765 728 adibo.
786 676 878 746 pater,
892 677 1052 746 opportune

286 767 413 824 aduenis.

119 879 155 916 180
168 863 223 921 Cn.
241 863 320 933 Quid
333 864 363 920 id
375 863 436 921 esti
471 862 519 922 (iu
555 863 647 920 Hune
660 862 866 920 Menedemum
880 862 976 920 nostin
992 881 1053 919 nos-

286 965 365 1016 trum
380 958 525 1016 uicinum?
561 959 615 1018 On.
632 956 734 1016 Probe.

169 1057 217 1116 On.
249 1055 435 1113 Huiofilium
448 1057 503 1113 eois
517 1057 592 1113 esset
622 1054 677 1112 GH.
705 1054 820 1112 Audiui
833 1073 907 1114 enee:
927 1054 1050 1112 inAeia.

288 1153 338 1209 On.
369 1152 440 1209 Non
454 1158 507 1223 eet,
521 1157 619 1227 pater:

107 1267 110 1276 ’
208 1248 299 1322 Apud
312 1267 365 1304 noa
378 1253 430 1305 est.
466 1246 522 1304 (in.
553 1247 632 1315 Quid
645 1247 703 1305 aiei
744 1246 793 1304 On
825 1245 1052 1317 Aduenientem,

287 1360 304 1398 e
317 1341 388 1398 naui
397 1341 593 1416 egredientem
607 1341 675 1398 ilieo
976 1343 978 1352 ’

208 1436 332 1493 Abduxi
353 1437 389 1494 ad
413 1435 527 1494 ceriam:
547 1456 616 1494 nam
637 1436 710 1508 mihi
729 1456 833 1514 magna
854 1456 920 1495 oum
940 1457 973 1496 eo
994 1438 1053 1494 iam

288 1532 356 1589 inde
370 1532 527 1608 apueritia

209 1627 280 1685 Fuit
289 1645 402 1703 semper
414 1627 603 1685 familiaritaa
636 1627 692 1688 On.
715 1625 909 1704 Voluptatem
918 1645 1053 1704 magnam
1160 1617 1161 1622 ἵ

287 1723 432 1784 nuntias..

76 1858 77 1861 =
121 1831 156 1878 185
210 1819 306 1888 Quam
323 1821 426 1878 uellem
447 1819 654 1878 Menedemum
672 1819 833 1878 inuitatum
850 1825 885 1876 ut
904 1819 1053 1876 nobiseum

288 1921 362 1971 esset
375 1915 508 1990 amplius,

209 2007 254 2064 Vt
275 2009 350 2066 hano
376 2009 518 2068 laetitiam
545 2029 599 2068 neo
619 2009 754 2086 opinanti
780 2009 893 2086 primus
910 2009 1053 2066 obioerem

287 2103 379 2161 domi!
945 2159 951 2169 .

209 2198 310 2272 Atque
319 2198 408 2258 hercle
418 2200 506 2257 etiam
515 2220 594 2258 nune
603 2207 718 2276 tempus
728 2207 780 2258 est.
803 2199 853 2258 On.
875 2199 1052 2258 Cauefaxis:

289 2313 349 2350 non
362 2313 433 2370 opus
447 2301 501 2366 eat,
515 2302 607 2371 pater.

171 2390 226 2446 Oa.
264 2391 463 2466 Quapropter?
505 2392 554 2450 On.
585 2392 753 2461 Quiaenim
766 2392 941 2449 incertumst
954 2389 1051 2460 etiam,

289 2486 361 2562 quid
374 2506 404 2545 se
418 2488 513 2545 faciat
543 2488 629 2545 modo
643 2488 734 2546 uenit.

209 2583 306 2644 Timet
319 2585 430 2640 omnia:
443 2583 535 2659 patria
544 2583 628 2654 iram,
637 2589 667 2641 et
680 2583 812 2641 animum
825 2583 933 2642 amicae
946 2601 976 2640 ae
987 2601 1054 2658 erga

290 2683 324 2733 ut
337 2677 377 2734 sit
390 2697 466 2737 suaa.

211 2774 285 2831 Eam
304 2776 408 2832 misere
428 2782 521 2833 amat:
542 2782 661 2853 propter
682 2795 747 2833 eam
768 2775 839 2833 haee
857 2775 946 2832 turba
965 2781 1054 2851 atque

290 2872 380 2930 abitio
394 2873 501 2934 euenit.
544 2874 599 2932 On.
615 2874 688 2931 Soio.

172 2967 220 3025 Cn
254 2968 343 3027 Nune
363 2971 509 3027 seruolum
529 2971 566 3027 ad
585 2989 649 3027 eam
664 2969 697 3025 in
716 2969 819 3025 urbem
841 2967 931 3039 misit,
955 2973 986 3024 et
1000 2987 1055 3044 ego

142 3057 144 3067 ’
290 3070 423 3120 nostrum
436 3084 496 3121 una
509 3064 624 3138 Syrum.

171 3157 225 3215 Cn.
260 3160 338 3228 Quid
351 3161 467 3218 narrati
508 3159 558 3218 On.
590 3158 668 3228 Quid
682 3157 748 3214 iller
789 3156 927 3213 miserum
940 3173 971 3213 ae
985 3174 1051 3216 aeae.

291 3253 346 3311 Gn.
379 3254 538 3312 Miserumt
567 3273 653 3330 quem
665 3253 764 3309 minus
777 3251 922 3310 crederesr
