2334 3814
422 981 599 1059 ACTVS
640 983 669 1056 I.

312 1238 315 1244 ,
344 1180 496 1237 Onerum.
542 1178 742 1235 Murranum.

102 1327 162 1383 Ora
185 1325 366 1394 Quauauau
385 1323 456 1379 haec
471 1321 549 1378 inter
565 1339 617 1378 nos
632 1338 743 1396 nupera
765 1318 872 1376 notitia
893 1320 988 1378 admo·
1006 1333 1049 1391 11

181 1421 280 1478 damst
1022 1479 1024 1482 ,

141 1516 227 1596 (inde
240 1516 409 1592 adaequem
421 1533 523 1590 agrum
534 1514 566 1570 in
575 1531 719 1589 proxumo
732 1511 780 1570 hic
791 1517 934 1571 mercatus
946 1512 988 1592 es)

141 1613 205 1670 Nee
219 1613 264 1669 rei
276 1612 419 1673 feretrarie
432 1610 557 1686 amplius
571 1608 727 1686 quicquam
739 1609 811 1669 fuit:
1003 1637 1026 1674 53

140 1711 250 1767 Tamen
263 1707 312 1772 uel
324 1708 421 1765 uirtus
434 1712 487 1764 tua
500 1727 547 1764 me
560 1706 608 1764 uel
622 1705 766 1778 uicinius,

141 1804 226 1874 Quod
239 1822 291 1879 ego
304 1803 336 1859 in
350 1802 513 1879 propinqua
525 1809 609 1878 parte
623 1802 768 1861 amicitiae
782 1809 862 1878 put0,

142 1900 226 1958 Facit
238 1905 274 1956 ut
287 1906 318 1956 te
331 1898 469 1956 audacter
481 1916 615 1969 moneam
628 1903 658 1954 et
670 1897 862 1968 familiariter,

141 1995 226 2064 Quod
238 1995 312 2052 mihi
325 1994 425 2051 uidere
438 2000 554 2070 praeter
567 1997 693 2050 aetatem
706 1998 788 2048 tuam

140 2091 247 2148 Facere
259 2095 291 2147 et
303 2095 419 2165 praeter
430 2107 520 2164 quam
532 2107 578 2144 rea
590 2094 621 2144 te
633 2087 806 2144 adhortatur
819 2093 878 2146 tua.
1005 2113 1029 2150 ⁶0

140 2187 219 2245 Nam
232 2207 285 2264 pro
296 2187 384 2244 deum
397 2191 485 2262 atque
498 2185 650 2243 hominum
662 2184 757 2257 fidem,
769 2185 841 2260 quid
856 2185 901 2242 uis
915 2179 989 2242 tibit

142 2285 220 2355 Quid
235 2283 371 2361 quaeriet
405 2287 497 2340 ar‘moa
509 2283 662 2359 sexaginta
674 2288 761 2340 natue
774 2302 812 2353 ea,

140 2381 206 2438 Aut
218 2382 292 2458 plus,
300 2401 342 2452 eo,
357 2387 393 2439 ut
406 2381 516 2446 conicio
527 2399 536 2452 ;
567 2399 672 2454 agrum
684 2379 731 2435 hia
744 2380 911 2456 regionibus

140 2478 295 2536 Meliorem
308 2496 403 2553 neque
418 2476 499 2558 preti
508 2476 626 2534 maioris
639 2495 725 2532 nemo
738 2476 827 2534 habet
833 2497 842 2549 3

140 2574 246 2632 Seruus
260 2571 429 2649 compluris:
455 2573 578 2648 proinde
591 2573 675 2647 quasi
687 2591 772 2630 nemo
785 2573 848 2642 siet,
1005 2597 1028 2643 ⁶5

140 2670 190 2728 Ita
203 2677 268 2728 tute
282 2676 395 2728 attente
409 2669 526 2726 illorum
541 2669 635 2726 officia
648 2668 776 2744 fungere.
1123 2655 1125 2662 ¹

139 2765 311 2841 Numquam
324 2771 385 2824 tam
398 2783 484 2821 mane
497 2765 629 2841 egredior
641 2783 736 2840 neque
749 2769 811 2820 tam
824 2766 940 2841 uesperi

139 2861 269 2918 Domum
282 2868 422 2933 reuortor,
437 2861 511 2938 quin
525 2867 556 2919 te
569 2862 707 2919 infundo
722 2861 871 2937 oonspiaer

2 3009 3 3022 ,
118 3017 120 3021 ,
139 2957 250 3016 Fodere
263 2963 316 3016 aut
329 2978 411 3016 arare
424 2963 477 3015 aut
489 2957 602 3034 aliquid
615 2957 701 3016 ferre.
742 2957 867 3033 denique

138 3051 265 3108 Nullum
277 3051 405 3110 remittis
418 3059 533 3127 tempus
547 3071 641 3128 neque
654 3058 685 3109 te
699 3035 825 3128 respicis.
1003 3084 1027 3120 70

139 3146 222 3205 Haeo
235 3165 296 3204 non
309 3147 457 3222 uoluptati
470 3146 527 3204 tibi
540 3166 601 3205 esee
614 3147 686 3205 satis
700 3153 779 3204 certo
792 3148 857 3206 ecia

141 3242 252 3300 ‘Enim’
267 3243 343 3302 dices
359 3249 515 3320 ‘quantum
530 3243 577 3301 hic
592 3244 687 3319 operis
702 3243 753 3300 fiat
767 3244 903 3318 paenitet.
927 3267 930 3276 ’

2 3359 5 3438 1
176 3374 196 3414 s.
211 3375 235 3416 r.
415 3359 417 3362 ’
888 3357 906 3412 3
