2334 3814
123 209 334 322 1133'5-62.
379 247 437 306 111
446 247 555 306 uror
580 197 891 313 rurormruuou.
969 253 1007 314 11

162 378 249 434 Anus
263 375 406 453 quaedam
417 376 533 452 prodit:
554 377 624 434 haec
637 379 690 436 ubi
702 380 817 455 aperuit
830 380 946 453 ostium,

165 473 310 531 Continuo
323 473 371 529 hic
384 490 415 529 ee
428 473 551 530 coniecit
565 473 653 544 intro,
668 493 720 549 ego
735 494 911 552 consequor:

163 571 249 627 Anna
264 569 373 627 foribus
387 569 469 631 obdit
482 571 640 644 pessulum,
653 571 691 627 ad
704 570 800 627 lanam
814 573 897 631 redit.

164 667 224 725 Hic
237 665 305 724 sciri
317 665 416 741 potuit
429 671 482 723 aut
494 684 640 741 nusquam
653 666 732 738 alibi,
748 666 854 738 Clinia,

164 763 229 832 Quo
242 747 340 821 studio
353 761 447 818 uitam
460 781 543 819 suam
555 768 586 820 te
599 764 718 820 absente
731 764 867 839 exegerit,
1022 777 1060 816 280

163 862 225 921 Vbi
239 864 274 921 de
290 862 470 938 inprouieoet
482 863 684 919 intumentum
698 861 832 920 mulieri:

163 949 290 1019 Nam'ea
303 981 349 1018 ree
362 961 443 1019 dedit
456 965 522 1017 tum
534 961 733 1018 existumandi
747 960 858 1036 copiam

163 1057 333 1115 Cotidianae
347 1057 426 1113 uitae
439 1056 687 1127 consuetudinem,
701 1097 705 1108 .

131 1167 132 1172 ’
164 1153 245 1222 Quae
258 1152 419 1228 quoiusque
432 1151 582 1227 ingenium
595 1157 631 1208 ut
644 1153 684 1208 sit
696 1151 825 1209 declarat
837 1169 981 1212 maxume.

163 1249 322 1307 Texentem
335 1249 424 1306 telam
439 1247 565 1305 studiose
578 1249 672 1324 ipsam
685 1249 867 1320 offendimus,

161 1346 350 1404 Mediocriter
363 1345 501 1402 uestitum
514 1350 595 1402 ueste
608 1345 726 1422 lugubri

163 1443 247 1520 (Eius
260 1442 345 1500 anuis
358 1461 445 1499 causa
458 1441 561 1517 opinor
574 1460 648 1516 quae
662 1447 725 1499 erat
738 1441 865 1520 mortua)

163 1540 232 1598 Sine
255 1559 343 1600 auro:
372 1547 437 1596 tum
463 1545 595 1596 ornatam
619 1539 663 1596 itu
690 1539 738 1596 uti
764 1560 838 1616 quae
864 1547 1007 1599 ornantur
1064 1547 1067 1578 ³

240 1637 305 1709 sibi,

159 1732 296 1790 Nullane
309 1732 400 1788 malas
413 1731 572 1807 expolitam
584 1731 727 1789 muliebri.

159 1827 289 1901 (lapillus
305 1845 414 1902 passus,
426 1825 567 1902 prolixus,
582 1827 690 1883 circum
704 1833 791 1902 caput
1019 1861 1056 1900 290

162 1921 299 1980 Reiectus
312 1922 506 1997 neglegenter,
521 1941 587 1998 pax.
621 1921 705 1980 01111.
728 1923 801 1998 Syre
814 1924 863 1995 mi,
878 1925 1002 1998 obsecro,

159 2016 207 2073 Ne
220 2035 266 2074 me
279 2017 312 2074 in
324 2017 466 2074 laetitiam
481 2018 591 2074 frustra
605 2019 736 2075 conicias.
779 2019 827 2076 Su.
851 2020 939 2077 Anus

160 2112 319 2170 Subtemen
332 2114 439 2171 nebat:
460 2119 609 2188 praeterea
623 2133 682 2170 una
694 2112 832 2172 ancillula

149 2194 250 2282 xErat3
271 2229 304 2267 ea
317 2210 437 2267 texebat
450 2228 517 2280 una,
533 2209 638 2284 pannis
651 2210 753 2281 obsita,

156 2303 188 2360 N
188 2303 306 2380 aglecta,
328 2303 471 2361 inmunda
495 2304 619 2364 inluuie.
662 2304 743 2363 Omr.
773 2304 807 2362 si
832 2305 903 2365 haec
925 2313 1002 2380 snut,
1016 2332 1053 2372 29⁵

236 2397 340 2470 Clinia,
793 2404 797 2411 ’

154 2492 243 2565 Vera,
257 2494 302 2550 ita
314 2493 360 2550 uti
373 2493 466 2564 credo,
482 2493 548 2569 quis
563 2499 619 2551 test
632 2494 828 2553 fortunatiorl

156 2587 226 2647 Scin
238 2589 313 2647 hanc
327 2608 415 2665 quam
429 2591 500 2647 dicit
513 2591 690 2649 sordidatam
703 2598 734 2649 et
746 2594 909 2653 sordidam?

155 2683 298 2760 Magnum
311 2685 366 2742 hoc
380 2704 496 2762 quoque
512 2685 665 2762 signumsu,
680 2687 826 2745 dominam
840 2708 901 2746 ease
918 2695 1002 2747 extra

234 2800 361 2853 noxiam,

155 2873 251 2944 Quom
265 2877 328 2933 eius
342 2883 404 2933 tum
417 2878 611 2953 negleguntur
624 2880 809 2939 internuntii.

157 2971 237 3028 Nam
251 2972 437 3048 disciplinast
450 2973 558 3031 eisdem
572 2976 752 3032 munerarier
855 3009 857 3016 ,
1014 3003 1053 3040 300

156 3067 288 3124 Ancillas
301 3069 437 3144 primum,
453 3067 490 3125 ad
504 3070 636 3127 dominas
649 3071 701 3146 qui
714 3071 862 3129 adfectant
874 3072 961 3132 uiam.

111 3163 197 3222 01111.
220 3163 321 3241 Perge,
336 3167 452 3224 obsecro
465 3172 504 3238 te,
519 3174 550 3225 et
562 3186 633 3224 caue
646 3186 684 3225 ne
697 3167 799 3224 falsam
813 3169 938 3244 gratiam

154 3259 278 3320 Studeas
291 3260 373 3320 inire
397 3260 467 3337 quid
481 3269 532 3336 alt,
546 3262 598 3320 ubi
612 3281 660 3320 me
672 3262 826 3322 nominaal
