2334 3814
133 322 183 383 IV
197 322 215 380 3
231 321 355 383 15-32.
401 319 460 378 ΗΑ
470 319 580 380 Vror
596 317 906 380 TIMORVMENOS.
974 318 1011 375 39

133 449 182 506 On
204 447 334 506 Deorum
351 445 446 504 uitem
463 445 647 524 cptieumuo.
689 445 738 503 ΒΥ.
761 444 1012 520 Frustruopcrcm

249 545 352 620 opinor
365 563 455 602 cumo.

133 637 182 698 Gt.
204 637 353 714 Loquere:
372 640 467 700 audio.
503 639 552 697 ΒΥ.
574 637 692 694 Atrem
705 635 760 694 hoc
773 655 917 713 nonages
960 635 1009 692 On.

248 735 354 810 Agem.
396 733 444 792 ΒΥ.
466 733 698 806 Videndumst,
689 752 817 809 mquam,

169 829 271 892 Amici
283 847 398 907 quoque
410 850 466 900 ree,
480 829 585 902 Clinia,
599 830 669 888 tui'
660 849 693 886 ιιι
706 835 774 888 tuto
786 834 821 886 ut
837 829 1010 888 conlocetur.
1024 852 1061 902 ⁶9⁵
1108 901 1113 914 Ι

170 922 249 981 Nem
258 927 282 982 si
290 944 369 983 nunc
378 945 397 984 a
406 927 490 983 nobis
502 926 566 983 ebio
579 931 609 984 et
619 925 793 982 Bacchidem
802 923 1009 999 hierelinquie,

171 1019 266 1078 Senex
279 1020 411 1080 resciscet
424 1021 491 1082 ilico
505 1041 565 1080 cese
583 1023 707 1079 emicem
724 1020 800 1078 hano
814 1018 1010 1096 Clitiphonis:

171 1114 204 1173 Βι
215 1116 380 1189 obduxeris,
395 1119 545 1190 celabitur,
559 1118 664 1176 itidem
676 1124 712 1176 ut
725 1119 818 1176 colato
830 1118 925 1175 adhuc
938 1122 990 1173 eet.

132 1209 181 1270 CL
203 1212 248 1280 Αι
268 1213 347 1270 eninr
366 1214 440 1272 istoc
460 1215 504 1272 nil
523 1221 569 1274 eet
586 1215 687 1292 magis,
707 1215 788 1292 Syre,
807 1215 880 1272 meio
899 1213 1013 1291 nuptiis

250 1309 413 1371 eduoreum.

170 1404 203 1462 N
202 1423 249 1462 cm
263 1424 322 1481 quo
335 1425 384 1464 ore
397 1407 548 1482 appellabo
560 1411 695 1484 patrem?
715 1414 797 1470 teneo
810 1409 882 1485 quid
895 1407 1010 1468 dicemi
1025 1434 1062 1472 ιιο

250 1501 299 1558 ΒΥ.
323 1502 404 1571 Quid
416 1505 468 1562 nii

132 1597 182 1658 Oc.
204 1596 282 1666 Quid
297 1598 411 1660 dicami
431 1619 518 1676 quem
537 1620 654 1660 coucam
670 1602 819 1661 cdieremi
862 1602 911 1683 ΒΥ.
933 1602 1013 1672 Quin

250 1695 318 1752 nolo
330 1695 489 1754 mentiare:
539 1748 541 1752 .

170 1791 284 1869 Aperte
306 1793 350 1850 ito
370 1798 405 1849 ut
428 1811 474 1850 res
497 1812 559 1850 sese
578 1793 667 1852 hebet
686 1799 813 1852 narrato.
855 1791 904 1850 On
933 1792 1013 1862 Quid

250 1888 311 1944 aiei
351 1887 399 1947 ΒΥ.
422 1887 531 1948 Iubeo:

171 1971 258 2038 Iilcm
281 1991 312 2039 te
335 2002 433 2040 emere
459 1989 489 2040 et
508 1983 585 2041 uelle
604 2001 735 2055 uxorem,
755 1982 830 2038 hene
850 2000 910 2039 esse
931 1981 1013 2039 Cliti-

249 2077 361 2151 phonic

132 2171 182 2231 Gt.
204 2171 318 2232 Bonem
331 2178 420 2249 etque
433 2173 541 2232 iustam
554 2193 616 2232 rom
630 2173 763 2250 oppido
754 2191 872 2249 mperes
890 2178 920 2229 et
932 2171 1012 2230 factu

151 2313 153 2316 -
250 2270 374 2333 facilem.

171 2364 212 2422 Et
235 2367 381 2424 seilicet
372 2386 432 2424 rem
453 2387 500 2426 mo
522 2369 577 2426 hoc
599 2368 679 2427 uoles
699 2375 813 2444 putrem
834 2385 955 2426 exorere
977 2375 1061 2427 utros
1079 2435 1080 2440 ¹

211 2479 217 2485 ·
249 2463 323 2520 celet

172 2559 276 2617 Senem
289 2561 440 2618 uestrumi
469 2559 519 2620 ΒΥ.
539 2553 637 2618 ¹Immo
647 2566 682 2618 ut
691 2561 904 2618 reeteuierem
913 2567 1013 2617 narret

251 2657 352 2712 ordine
369 2675 493 2713 omnem.
535 2655 584 2713 Gn.
607 2655 696 2726 Hem,

104 2797 110 2809 .
171 2750 256 2808 Satin
269 2770 357 2808 sanus
371 2770 402 2810 es
416 2758 469 2810 out
487 2752 624 2812 sobriuei
645 2758 680 2810 tu
698 2753 816 2828 quidem
829 2752 914 2810 illum
927 2751 1013 2828 plone
1045 2764 1047 2770 ’

249 2844 353 2920 perdis.

1027 419 1088 459 N.

174 2933 218 3016 [N
219 2957 265 2994 om
280 2957 332 3014 qur
322 2938 394 2996 ille
407 2939 516 3016 poterit
529 2958 590 2996 coeo
603 2938 636 2995 in
649 2945 724 3011 tuto,
739 2938 786 2995 dic
798 2934 895 3016 mihi]

108 3047 112 3056 '
133 3033 182 3092 ΒΥ.
204 3033 285 3091 Huic
298 3036 433 3110 equidem
446 3037 567 3095 coneilio
579 3033 707 3113 palmum
721 3036 775 3095 do:
769 3035 840 3092 ·hic
849 3038 1013 3113 memegni-

249 3131 303 3187 fico
316 3133 419 3203 coiere,

133 3222 235 3293 Qui
204 3243 268 3281 mm
281 3227 423 3282 tentem
413 3247 447 3284 m
464 3246 511 3286 me
529 3232 560 3285 et
578 3231 753 3302 potestatem
772 3225 894 3284 habeam
913 3230 1048 3283 ennox
1025 3245 1048 3285 ιι
1050 3247 1064 3272 0

248 3323 384 3391 astutiae,

859 3418 937 3477 5-2
