2334 3814
116 298 339 359 111122-47.
388 299 564 360 HAVTON
583 302 898 396 rJMORVMnnsos
961 301 999 360 25

115 427 177 487 Mn.
200 428 288 486 Meus
305 429 430 506 gnatust
472 428 527 486 ΟΗ.
550 429 598 487 Sic
617 435 668 488 est.
712 429 774 486 Mn.
789 429 902 489 Venit?
942 429 998 489 Cn.

204 525 328 601 terte.
370 525 431 582 Mn.
454 524 552 583 Clinia

154 623 242 682 Meus
254 625 358 683 ueniti
398 626 453 686 On.
476 626 557 686 Dixi
600 627 663 685 Mn.
684 628 813 687 Eamus:
833 629 889 686 duo
902 649 949 688 me
962 631 999 688 ad

234 741 313 800 eum,¹
325 722 449 780 obsecro.

1 895 2 908 χ
115 817 170 875 On
213 817 284 875 Non
298 818 363 876 uolt
375 823 405 876 te
419 820 491 877 seire
504 839 535 878 se
547 820 655 879 redisse
669 820 765 896 etiam,
780 825 811 879 et
823 827 907 879 tuom

155 912 349 990 Conspectum
362 914 487 992 fugitat:
507 921 626 994 propter
638 922 788 993 peecatum
802 917 857 976 hoo
870 918 964 991 timet,

154 1007 202 1066 Ne
214 1015 268 1068 tua
281 1010 389 1068 duritia
402 1011 525 1087 antiqua
537 1012 590 1070 illa
602 1013 691 1070 etiam
703 1015 827 1072 adaucta
839 1015 886 1072 sit.
1009 1052 1046 1092 435
1155 1055 1166 1068 .=

53 1133 57 1140 ·
114 1101 188 1160 Mu..
205 1103 276 1161 Non
297 1109 332 1162 tu
353 1104 381 1162 ei
400 1104 504 1163 dixisti
522 1113 558 1163 ut
578 1109 688 1166 essemt
729 1108 785 1168 On.
813 1108 892 1166 Non.
934 1109 995 1167 Mn.

234 1200 450 1277 Quamobrem,
465 1203 621 1264 Chremes?

115 1294 170 1354 On.
193 1294 270 1364 Quia
282 1314 414 1372 pessume
426 1299 503 1355 istuc
514 1299 547 1356 in
560 1305 591 1356 te
603 1306 691 1376 atque
706 1299 739 1357 in
755 1300 841 1358 illum
854 1301 987 1375 consulis,

154 1389 188 1447 Si
199 1395 230 1447 te
243 1397 305 1448 tam
317 1391 378 1450 leni
391 1395 421 1450 et
433 1392 513 1450 uicto
526 1411 587 1451 esse
600 1395 697 1459 animo
711 1396 877 1455 ostenderis.

114 1479 177 1538 Mn.
198 1481 268 1540 Non
291 1503 425 1560 possum:
453 1486 524 1544 satis
548 1487 617 1559 iam,
638 1489 708 1546 satis
729 1495 812 1564 pater
832 1490 922 1548 durus
945 1489 997 1546 sui.

232 1581 287 1640 On.
310 1581 369 1654 Ah,

152 1675 282 1735 Vemens
295 1677 327 1736 in
339 1684 494 1756 utramque
507 1685 627 1756 partem,
643 1681 823 1756 Menedemo,
838 1702 868 1740 es
881 1683 985 1752 nimis,
1009 1713 1048 1750 μα

151 1777 218 1832 Aut
230 1775 366 1851 largitate
378 1773 470 1832 nimia
482 1781 535 1833 aut
548 1780 730 1855 parsimonia.

152 1870 192 1926 In
205 1869 326 1928 eandem
339 1871 471 1932 fraudem
484 1894 522 1932 ex
534 1873 589 1932 hac
601 1892 633 1931 re
646 1879 735 1950 atque
748 1891 785 1930 ex
798 1873 850 1931 illa
862 1873 979 1932 incides,

69 2041 73 2050 “
152 1963 284 2023 Primum
298 1967 369 2023 olim
382 1969 479 2043 potius
492 1987 581 2044 quam
594 1975 725 2046 paterere
738 1969 834 2028 filium

152 2064 333 2123 Commetare
347 2065 384 2122 ad
398 2066 607 2141 mulieroulam,
620 2086 694 2144 quae
707 2065 826 2142 paululo

152 2160 226 2218 Tum
239 2166 303 2218 erat
316 2167 453 2221 contenta
467 2163 594 2240 quoique
608 2169 693 2228 erant
703 2167 788 2240 grata
801 2162 906 2232 omnia,
1008 2193 1045 2229 445

152 2255 344 2318 Proterruisti
356 2259 431 2318 hino.
464 2279 498 2318 ea
511 2265 610 2318 ooaota
622 2258 756 2336 ingratiis

151 2353 275 2412 Postilla
288 2355 383 2431 eoepit
395 2355 508 2434 uictum
521 2357 608 2434 uolgo
622 2375 766 2433 quaerere.

151 2452 241 2510 Nune
254 2471 343 2529 quom
355 2451 419 2510 sine
431 2472 537 2528 magno
550 2453 767 2511 intertrimento
780 2472 841 2511 non
853 2457 949 2530 potest
982 2446 986 2451 ’

150 2546 273 2617 Haberi,
287 2547 405 2622 quiduis
418 2548 488 2605 dare
501 2549 591 2626 oupis.
631 2567 701 2606 nam
713 2554 749 2606 ut
762 2554 797 2606 tu
810 2549 891 2619 scias,

140 2643 246 2718 *Quam
259 2662 294 2700 ea
306 2661 385 2702 nuno
398 2643 544 2702 instructa
557 2643 676 2719 pulchre
689 2645 726 2702 ad
739 2643 897 2720 perniciem
910 2643 973 2714 siet,
1007 2672 1045 2710 4⁵0

149 2737 283 2795 Primum
295 2739 355 2795 iam
368 2737 487 2796 ancillae
500 2756 598 2797 secum
611 2737 735 2797 adduxit
748 2739 814 2814 plus
831 2739 935 2810 decem,

149 2833 291 2891 Oneratas
303 2840 385 2892 ueste
399 2839 487 2910 atque
500 2853 590 2892 auro:
610 2840 727 2910 satrapa
740 2835 766 2892 si
779 2834 835 2892 siat

148 2929 281 3000 Amator,
296 2948 457 3035 numquam
470 2930 629 2988 sufferre
603 2948 666 2988 erus
679 2935 812 3006 sumptus
825 2936 931 3007 queat:

148 3020 266 3080 Nedum
279 3027 314 3079 tu
331 3022 430 3099 possis.
473 3023 533 3080 Mn
557 3022 650 3081 Estne
670 3041 705 3082 ea
725 3024 826 3082 intust
868 3023 923 3082 On.
946 3024 992 3083 Sit

225 3121 329 3194 rogust

148 3212 248 3274 Sensi:
269 3233 338 3271 nam
351 3235 441 3272 unam
454 3189 482 3273 ei
495 3235 595 3274 cenam
609 3225 640 3274 at
642 3235 699 3292 que
713 3217 776 3276 eius
789 3219 943 3278 comitibus
1004 3249 1041 3286 455

111 3351 113 3372 ,
146 3291 241 3365 Dedi:
262 3310 376 3384 quod
353 3329 379 3366 sr
391 3310 499 3368 iterum
512 3312 585 3368 mihi
599 3313 639 3370 sit
652 3313 756 3387 danda,
771 3320 869 3374 actum
882 3315 944 3374 siat.
