2334 3814
316 245 459 303 Manen
490 247 526 304 H
530 247 572 306 VI
575 247 622 306 Vs
645 246 840 308 FABVLAE.
999 250 1033 308 61

313 371 336 420 V
359 373 406 422 583
423 376 449 422 et
465 372 514 422 584
529 373 653 422 trochaici
669 374 807 435 septenarii

307 484 339 492 -
356 457 402 504 585
420 455 453 504 ecl
468 456 516 504 588
532 455 635 504 iambici
652 456 776 504 octonarii

306 563 339 571 -—
355 535 402 584 589
420 538 445 583 et
462 536 509 584 590
525 535 630 584 iambici
647 535 741 584 senarii

306 643 338 651 -
356 616 402 664 591
420 614 453 664 ad
470 616 517 664 613
533 616 657 664 trochaici
673 616 812 676 septenarii

306 723 338 732 -
356 695 402 744 614
419 694 452 744 ad
469 695 515 743 622
532 695 637 744 iambici
653 696 777 744 octonarii

305 803 338 812 -
355 775 401 824 623
419 775 452 823 ad
468 775 515 826 667
531 775 655 825 trochaici
671 776 809 837 septenarii

304 883 338 892 -
354 854 400 903 668
417 854 450 903 ad
467 855 514 906 678
530 856 636 904 iambici
652 855 776 906 octonarii

304 962 337 970 -
353 934 400 986 679
418 935 451 984 ad
467 937 514 985 707
531 935 635 984 iambici
651 937 790 998 septenarii

305 1046 337 1054 -
354 1018 400 1067 709
417 1016 450 1066 ad
467 1018 514 1066 722
530 1018 654 1067 trochaici
670 1019 808 1080 septenarii

304 1125 337 1133 -—
353 1099 400 1149 723
417 1097 450 1146 ad
466 1098 513 1147 748
529 1097 633 1147 iambici
649 1100 788 1161 septenarii

303 1208 336 1216 -
354 1179 400 1230 749
417 1178 450 1228 ad
466 1180 513 1229 873
529 1180 633 1229 iambici
649 1181 744 1230 senarii

303 1287 335 1294 -
351 1259 400 1310 874
416 1258 448 1307 ad
465 1261 511 1311 967
528 1260 650 1308 trochaici
666 1262 805 1322 septenarii

303 1367 336 1375 -
352 1339 400 1388 908
417 1339 449 1387 ad
465 1341 512 1390 939
528 1340 632 1389 iambici
649 1343 743 1392 senarii

303 1448 337 1457 -
352 1421 400 1471 940
416 1420 449 1469 ad
466 1423 512 1473 979
529 1422 652 1471 trochaici
668 1423 806 1484 septenarii

303 1528 336 1536 -
353 1500 401 1550 980
417 1499 450 1548 ad
467 1501 513 1550 999
529 1499 633 1550 iambici
649 1504 773 1552 octonarii

210 1586 213 1591 ·
304 1608 337 1616 -
353 1579 416 1628 1000
432 1580 465 1629 ad
481 1581 543 1629 1002
560 1581 661 1632 iambici
677 1584 815 1644 septenarii

303 1687 336 1694 -
346 1647 416 1707 Ι1003
433 1659 558 1709 iambicus
575 1662 721 1711 octonarius

303 1768 335 1776 -
353 1740 415 1787 1004
431 1740 554 1789 iambicus
572 1743 749 1802 quaternarius

303 1847 336 1854 -
353 1819 414 1867 1005
431 1818 464 1867 ad
482 1820 544 1868 1012
560 1821 664 1870 iambici
679 1823 802 1872 octonarii

303 1927 334 1935 ·-
353 1900 415 1947 1013
433 1899 465 1948 ad
482 1901 839 1964 101611111111111111111111

302 2010 335 2019 —-
352 1982 414 2033 1017
432 1985 457 2030 et
474 1984 537 2032 1018
552 1982 654 2032 iambici
672 1985 796 2033 octonarii

302 2091 335 2099 —
352 2064 413 2111 1021
430 2063 463 2112 ad
480 2064 542 2116 1067
558 2064 682 2114 trochaici
699 2066 843 2128 septenarii.
