2334 3814
503 814 667 892 AOTVS
701 817 745 892 V.

320 1076 322 1080 >
435 1033 634 1096 Mmrnnuuvs.
678 1037 828 1100 Canauna.

103 1167 106 1178 ¹
126 1176 174 1235 Vl
188 1177 248 1236 Mn
279 1176 342 1255 Ego
355 1196 402 1234 me
414 1196 475 1234 non
488 1184 550 1236 tam
563 1186 694 1238 astutum
710 1201 805 1258 neque
823 1183 866 1240 ita
878 1153 1068 1262 perspieaeem

114 1275 176 1316 1-12
306 1294 366 1332 esse
379 1274 410 1332 id
423 1276 497 1336 seio:

137 1393 175 1444 ⁸7⁵
228 1369 285 1428 Sed
298 1369 346 1427 hic
358 1368 475 1428 adiutor
489 1374 574 1429 ‘meus
592 1377 622 1429 et
638 1373 766 1430 monitor
778 1379 809 1432 et
826 1383 1070 1450 praemonstrator

307 1464 445 1523 Chremes

15 1561 295 1657 ifsHoe
308 1562 381 1619 mihi
394 1567 537 1638 praestat:
556 1563 645 1621 inme
655 1565 774 1644 quiduis
783 1566 888 1625 harum
896 1587 994 1626 rerum
1004 1589 1068 1628 eon·

304 1655 396 1722 uenit,

226 1749 308 1819 Quae
331 1755 403 1808 sunt
423 1749 502 1809 dieta
522 1748 555 1811 in
576 1751 677 1824 stulte,
700 1752 936 1832 eaudex,.stipes,
959 1757 1066 1828 asinus,

304 1845 470 1922 plumbeus:

226 1943 264 2002 In
284 1943 370 2001 illum
390 1943 434 2000 nil
455 1949 567 2019 potest:
595 1949 738 2019 exuperat
760 1945 823 2002 eius
846 1945 975 2004 stultitia
997 1947 1067 2006 haee

303 2042 407 2098 omnia

186 2135 242 2196 On.
274 2135 347 2208 Ohe,
355 2136 457 2195 desiste
469 2135 590 2213 inquam
603 2137 680 2210 deos,
689 2155 772 2210 uxor,
780 2137 953 2212 gratulando
965 2140 1067 2197 obtun-

303 2235 380 2305 dere,
510 2294 514 2307 ¹

135 2349 173 2390 eso
224 2328 318 2386 Tuam
335 2349 395 2386 esse
415 2329 568 2386 iuuentam
583 2335 715 2404 gnatam:
736 2329 795 2386 nisi
810 2329 876 2387 illos
895 2349 934 2389 ex
953 2337 1005 2389 tuo
1025 2332 1066 2388 in·

301 2423 386 2498 genio
399 2423 518 2491 iudicas,

223 2518 268 2576 Vt
286 2518 330 2575 nil
345 2519 447 2576 eredas
470 2518 645 2594 intellegere,
664 2517 723 2576 nisi
741 2517 820 2575 idem
839 2519 980 2578 dictumst
999 2540 1067 2579 een-

300 2615 384 2673 tiens.

222 2711 280 2770 Sed
292 2710 411 2769 interim
425 2711 496 2788 quid
509 2711 641 2768 illiciam
654 2711 765 2768 dudum
778 2719 883 2788 gnatus
896 2720 988 2772 cessat
1001 2733 1067 2771 eum

301 2807 390 2884 Syro?

182 2905 243 2966 Mra
270 2905 350 2974 Quos
363 2910 406 2960 ais
419 2902 558 2974 homines,
569 2901 714 2975 Chremes,
723 2905 849 2962 cessaret
880 2902 935 2961 ΟΕ.
961 2903 1065 2977 Ehem,

301 2998 482 3066 Menedemo,
495 2997 631 3054 adueniel
781 2988 782 2994 ἵ

222 3092 279 3150 Die
288 3093 371 3164 mihi,
381 3092 493 3150 Cliniae
503 3111 577 3167 quae
588 3091 651 3148 dixi
664 3093 843 3150 nuntiastinl
865 3091 926 3151 Mu.
950 3091 1063 3150 Omnia.

132 3209 170 3258 aas
182 3191 238 3250 011.
262 3190 341 3260 Quid
354 3191 412 3247 eitl
434 3188 495 3246 Mn.
512 3189 647 3264 Gaudere
657 3188 728 3245 adeo
743 3190 846 3266 coepit,
856 3189 940 3265 quasi
953 3190 1005 3266 qui
1019 3209 1065 3248 eu·

300 3286 388 3363 piunt
400 3285 527 3360 nuptias.
