2334 3814
164 273 201 331 14
262 272 437 332 HAVTON
464 271 776 334 TIMORVMENOS.
810 275 1047 335 11114-212.

205 403 286 461 Bene
313 408 344 460 et
365 401 470 478 pudico
493 403 629 460 eductam
653 408 683 461 ct
706 403 779 461 artis
802 403 935 481 ignom
960 422 1050 464 merc-

282 499 392 556 triciac.

202 597 301 654 Moust
327 601 437 672 potens,
464 614 580 671 procax,
610 596 772 673 magnifica,
794 604 974 676 sumptuosa,
1000 617 1050 656 no

282 691 357 750 bilis.

101 777 103 786 ’
168 799 173 809 “
201 789 278 848 Tum
298 787 376 864 quod
397 788 464 845 dem
479 787 516 861 ci,
537 787 646 846 ‘recte'
664 794 724 848 cst:
745 808 815 847 uum
832 789 877 848 nil
897 807 958 848 esso
975 787 1050 847 mihi

280 887 411 963 roligiost
424 887 526 944 dicero

201 980 270 1039 Hoc
283 1000 335 1057 ego
348 981 420 1039 mali
433 1001 493 1039 non
505 981 619 1058 pridem
632 981 748 1040 inueni:
768 1001 863 1060 neque
876 981 966 1041 etium
979 981 1049 1040 dum

281 1080 338 1136 scit
351 1084 441 1154 puter.

102 1175 150 1233 112
163 1175 279 1234 Curru.
310 1173 344 1232 Si
363 1175 438 1232 mihi
458 1175 601 1234 sccundoo
620 1193 669 1233 ros
689 1175 725 1233 do
745 1193 843 1233 ammo
860 1193 926 1233 mco
943 1180 1047 1246 cocunt,

101 1243 152 1282 1-1r
283 1272 289 1284 .
510 1274 516 1287 .

114 1322 152 1360 ψ
281 1291 340 1328 ram
353 1272 465 1330 dudum
478 1291 537 1330 solo

202 1367 376 1427 Venissent:
398 1369 448 1426 scd
469 1388 581 1442 ucrocr,
604 1388 642 1427 no
665 1369 772 1427 mulier
792 1387 841 1427 mc
859 1369 980 1428 absente
1001 1369 1049 1426 hio

281 1470 418 1540 corrupta
432 1463 478 1522 sit.

203 1561 389 1618 Concurrunt
400 1560 495 1618 multo
507 1559 674 1636 opinionem
688 1559 763 1618 hunc
776 1578 851 1636 quac
864 1558 939 1618 mihi
951 1560 1048 1617 animo

281 1663 454 1734 cxcugeunt:
493 1640 564 1716 rs

203 1753 329 1826 Occasio,
338 1753 426 1826 locun,
437 1758 525 1825 cotun
536 1758 630 1810 mutor
638 1752 743 1829 quoius
751 1753 806 1810 sub
813 1750 1047 1828 inperiostmnlc,
1160 1785 1163 1792 ι

203 1849 280 1918 Quoi
293 1849 337 1908 nil
350 1850 410 1906 iarn
422 1855 538 1925 practer
550 1849 680 1925 pretium
693 1848 812 1910 dulccst.
835 1849 916 1938 Onu.
941 1847 1046 1906 Clinia.

282 1945 369 2004 Onu.
398 1944 436 2002 ln·
449 1945 554 2013 miscro
567 1945 648 2004 mihi.

114 2057 151 2096 2³⁵
163 2041 244 2099 Onrr.
276 2041 377 2100 Etiam
390 2061 483 2114 cuues,
497 2061 536 2100 no
548 2042 649 2100 uideat
664 2041 740 2100 forte
758 2040 805 2098 hic
818 2045 849 2099 tc
862 2059 881 2098 u
897 2045 981 2117 putre
999 2039 1049 2097 uli-

281 2137 347 2214 quis
361 2138 478 2196 exiensl

164 2232 246 2292 ΟΜΝ.
277 2233 408 2293 Faciam:
434 2234 483 2293 scd
505 2234 603 2293 nescio
626 2233 697 2311 quid
718 2234 848 2310 profecto
870 2233 913 2292 mi
933 2231 1048 2290 unimus

281 2330 426 2404 praesagit
439 2329 516 2388 muli.
899 2323 905 2338 '

163 2423 243 2482 Onrr.
276 2423 385 2502 Pergin
403 2425 479 2483 istuc
499 2425 582 2502 prius
602 2423 769 2498 diiudicare,
791 2444 880 2502 quum
899 2424 956 2483 ucis
976 2424 1048 2502 quid

281 2522 344 2579 ucri
358 2522 429 2579 siet?

162 2615 247 2675 Onu.
278 2616 311 2674 Si
323 2618 366 2674 nil
380 2617 546 2691 mclicssot
560 2617 619 2674 iam
632 2617 680 2675 hic
694 2618 836 2677 adessent.
872 2617 952 2676 (ΒΗΤ.
982 2617 1048 2675 Iam

281 2713 415 2774 aderunt.
450 2713 534 2771 Cum.
567 2712 691 2783 Quando
705 2715 781 2772 istuc
795 2714 868 2772 criti

163 2808 244 2869 Cur.
273 2809 305 2867 N
306 2829 345 2867 on
362 2809 472 2886 cogitas
488 2809 557 2868 hinc
576 2809 695 2886 longule
712 2809 790 2868 essct
810 2814 842 2867 ct
856 2809 936 2868 nosti
953 2828 1048 2867 moros

82 2977 86 2992 Ι
280 2906 451 2965 muliorum:

112 3029 150 3067 ψ
201 3002 282 3059 Dum
295 3003 467 3082 moliuntur,
481 3002 552 3059 dum
565 3007 716 3076 conantur,
730 3021 826 3061 onnus
839 3009 890 3062 est
920 3001 1047 3062 OurnO

280 3098 419 3174 Clitipho,

201 3191 307 3252 Timeo.
338 3194 418 3254 Cirr.
448 3194 587 3272 Respiru:
602 3214 701 3254 eccum
709 3194 888 3254 Dromonem
897 3214 964 3254 cum
974 3193 1047 3272 Syro

280 3308 352 3351 unat
372 3292 482 3351 adsunt
495 3291 559 3350 tibi.
